4575 5850
1046 621 1144 689 10
1844 593 1853 602 ’
1992 589 2476 668 MOESIA
2572 588 3230 669 SVPERIOR.

1044 769 1188 836 AN.
1230 767 1402 843 XIV.
1445 763 1717 841 Gallus,
1752 760 2192 842 Aemilianus,
2237 763 2651 835 Valerianus.
2693 760 2900 847 (ssus.
2941 761 3165 849 Caes.)
3221 731 3225 735 ⁴
3238 804 3904 827 .......
4000 750 4184 824 sno'B.

1045 873 1191 940 AN.
1229 870 1383 939 XV.
1423 866 1805 930 Mariniana.
1855 865 2050 948 (Mus
2096 867 2316 942 Caes.)
2488 908 3254 933 ........
3339 909 3371 931 ..
3456 907 3474 933 .
3547 905 3582 929 ..
3661 906 3694 926 ..
3779 906 3796 921 .
3886 907 3908 927 .
4002 879 4183 939 1007.

1045 975 1184 1037 AN.
1230 970 1409 1044 XVI.
1450 964 1871 1046 Valerianus,
1912 968 2256 1034 Gallienus
2283 969 2486 1054 (Mus.
2513 967 2736 1051 Caes.)
2823 1007 3908 1036 ...........
4002 963 4183 1029 ιοοὸ.

1990 1167 2455 1243 ΑΝΝΙ
2539 1164 3200 1242 DACIAE.

1043 1368 1190 1435 AN.
1234 1372 1285 1433 1.
1327 1363 1672 1452 Philippus
1773 1411 2967 1437 ............
3094 1358 3458 1448 respondet
3479 1378 3651 1427 anno
3675 1357 3761 1428 V.
3794 1358 3869 1427 0.
4006 1375 4188 1424 ιο00.

1044 1472 1187 1536 ΔΝ.
1232 1472 1314 1534 11.
1356 1468 1703 1553 Philippus
1852 1504 3908 1535 ....................
4003 1477 4184 1524 soon.

1042 1574 1185 1637 AN.
1230 1572 1343 1638 111.
1386 1569 1770 1655 Philippus,
1812 1571 2082 1637 Decius.
2130 1568 2335 1650 (Mus.
2380 1571 2591 1649 Caes.)
2639 1568 3037 1703 Volusianus
3078 1569 3253 1654 Aug.
3293 1563 3652 1649 (Bandur.)
3781 1610 3801 1628 .
3888 1608 3908 1628 .
4003 1578 4189 1627 noos.

1039 1676 1181 1737 AN.
1227 1675 1339 1742 IV
1381 1671 1629 1734 Decius
1753 1708 3799 1741 ....................
3891 1708 3912 1728 .
3999 1662 4188 1729 1003.

1041 1776 1186 1841 AN.
1234 1775 1318 1844 V.
1356 1770 1648 1850 Decius,
1691 1772 1922 1837 Gallus
1947 1816 1967 1852 ,
2010 1772 2408 1842 Volusianus
2453 1774 2623 1857 Aug.
2667 1774 2869 1855 (Mus.
2913 1770 3133 1853 Caes.)
3247 1808 3915 1835 .......
4006 1772 4189 1841 1004.

1042 1876 1184 1942 AN.
1229 1877 1343 1946 VI.
1387 1872 1653 1950 Gallus,
1698 1872 2040 1954 (Bandur.)
2086 1872 2498 1953 Valerianus,
2545 1877 2740 1955 (Mus.
2767 1874 2980 1952 Caes.)
3005 1868 3367 1935 Gallienus.
3397 1868 3709 1983 (Bandur.
3735 1867 3908 1931 Neu·
4080 1966 4163 2030 05

1449 1994 1638 2036 mann
1646 2013 3911 2047 ......................
4003 1985 4077 2030 10
4165 2011 4186 2030 ·

1042 2074 1826 2141 AN.V11.Hostilianus
1860 2077 2030 2159 Aug.
2057 2075 2321 2158 (Vail'l.)
2365 2076 2806 2153 Aemilianus,
2841 2073 3103 2157 (Vaill.)
3147 2070 3509 2136 Gallienus.
3555 2069 3910 2152 (Vaillm)
4007 2068 4189 2133 toob.

1044 2174 1191 2244 AN:
1232 2180 1407 2247 V111.
1452 2158 1901 2253 Aemilianus,
1964 2179 2166 2257 (Mus.
2215 2177 2404 2244 Caes.
2466 2181 2847 2255 Neumann,
2890 2172 3187 2260 Arigoni)
3240 2171 3654 2246 Valerianus.
3707 2172 3912 2254 (Mus.

1444 2275 1671 2355 Caes.)
1759 2316 3489 2345 .................
3565 2314 3595 2338 ν.
3684 2317 3702 2337 .
3789 2319 3808 2341 .
3895 2318 3915 2337 .
4011 2288 4191 2353 1007.

1044 2378 1189 2445 AN.
1234 2380 1342 2444 lx.
1389 2378 1802 2443 Valerianus.
1845 2379 2044 2454 (Mus.
2091 2375 2306 2453 Caes.)
2393 2425 2411 2443 .
2512 2425 2529 2445 .
2613 2425 2630 2443 .
2719 2424 2736 2442 .
2813 2425 2841 2445 ..
2930 2425 2948 2444 .
3025 2424 3067 2459 ,.
3149 2422 3167 2443 .
3255 2422 3274 2444 .
3362 2421 3400 2465 .‚
3461 2418 3915 2441 .....
4009 2375 4193 2438 1008.

1045 2480 1188 2545 AN.
1230 2479 1314 2544 X.
1356 2479 1718 2542 Gallienus.
1764 2479 1965 2559 (Mus.
2011 2479 2230 2560 Caes.)
2292 2526 2310 2544 .
2393 2525 2411 2543 .
2504 2526 2523 2546 .
2609 2524 2662 2583 ,ἢ
2714 2521 3807 2549 ...........
3839 2508 3852 2516 ν
3889 2522 3912 2539 .
4007 2495 4190 2558 soot).

1137 2661 1302 2724 lure
1364 2680 1448 2723 ex
1500 2658 1629 2720 hoc
1680 2659 1983 2742 catalogo
2044 2659 2299 2723 exclusi
2354 2681 2590 2727 numos
2661 2660 2784 2727 hus
2824 2659 3172 2735 abundant,
3199 2669 3318 2720 aut
3360 2655 3466 2734 iis,
3507 2675 3674 2742 quos
3712 2671 4064 2721 recensent
4095 2679 4199 2723 ca·

1045 2762 1414 2825 Alexandri
1445 2766 1591 2825 Sev.
1630 2774 1698 2823 et
1742 2758 2591 2848 Ju1.Maesae‚quospno-
2661 2764 2902 2847 talogi,
2944 2781 3225 2849 quorum
3280 2758 3460 2843 apud
3495 2778 3620 2822 nos
3667 2756 3875 2841 major
3918 2756 4198 2824 auctori-

1046 2863 1370 2947 nulgavit
1400 2861 1839 2927 inauditorum
1870 2850 2315 2930 monstrorum
2338 2884 2583 2951 praeco
2655 2881 2778 2937 tas.
2828 2862 3204 2931 Secundum
3271 2863 3674 2954 propositam
3732 2859 3898 2926 hanc
3953 2862 4194 2924 seriem

1051 2967 1403 3030 Goltzius:
1467 2962 2169 3034 coL.v1M.AN.1.
2222 2981 2291 3033 et
2324 2971 2464 3033 AN.
2499 2971 2584 3035 ΙΙ.
2658 2982 2929 3053 apparet
2954 2984 3141 3041 sane,
3181 2984 3332 3027 cum
3369 2963 3734 3028 secundum
3762 2953 4195 3027 succedentes

1049 3067 1235 3130 Istud
1269 3064 1707 3142 mendacium,
1727 3067 1846 3130 sed
1865 3067 2023 3133 viris
2041 3068 2445 3151 gravissimis
2462 3091 2596 3132 ma·
2665 3069 2791 3134 sibi
2818 3070 3252 3152 imperatores
3280 3079 3579 3130 crescant
3601 3064 4199 3150 numexiinscripti,

1045 3170 1118 3232 le
1167 3167 1489 3232 creditum
1535 3165 1742 3232 movit
1767 3166 2102 3231 Norisium
2129 3163 2220 3249 ις),
2254 3182 2326 3233 et
2366 3170 2595 3239 Valse·
2668 3172 2790 3235 hos
2823 3189 3047 3234 veram
3077 3166 3327 3229 hahere
3369 3166 3688 3231 rationem
3736 3167 4059 3252 epochae,
4105 3180 4199 3227 et·

1054 3269 1278 3332 chium
1339 3263 1437 3350 ι),
1479 3280 1551 3329 ut
1582 3281 1923 3352 negarent,
1967 3268 2070 3332 his
2094 3270 2271 3333 notis
2316 3270 2596 3353 exprimi
2669 3273 2724 3336 si
2754 3268 3058 3336 nonnulli
3088 3268 3366 3335 alienam
3385 3267 3732 3332 stationem
3758 3282 4009 3332 temere
4028 3268 4198 3333 inse·

1057 3388 1263 3433 annos
1315 3369 1637 3435 deductae
1702 3370 2038 3448 coloniae,
2083 3369 2207 3433 sed
2262 3390 2408 3434 eam
2449 3390 2591 3434 rem
2668 3375 2868 3450 dere,
2914 3385 2987 3436 ut
3033 3368 3352 3440 dicetur..

1054 3470 1272 3534 adhuc
1291 3470 1355 3531 in
1376 3468 2386 3556 obscurolatereprofitercntur.
2415 3472 2595 3535 idern
2747 3474 3086 3562 Epocham
3118 3471 3469 3539 viminacii
3507 3470 3871 3537 ducendam
3905 3471 3984 3534 ab
4029 3491 4197 3536 anno

1055 3570 1262 3636 sensit
1303 3572 1501 3635 etiam
1517 3574 1893 3637 Tristanum
1909 3574 2595 3656 secutus‘Patinuan),
2665 3579 2747 3643 A.
2786 3577 2860 3641 0.
2895 3568 3058 3659 993,
3099 3570 3587 3638 demonstratur
3624 3593 3709 3637 ex
3751 3572 3965 3636 numia
3993 3574 4195 3637 ΔΝΜ

1058 3671 1177 3734 sed
1211 3692 1485 3735 necesse
1522 3672 1622 3736 illi
1643 3675 1770 3741 fuit
1788 3677 1885 3740 sic
1913 3675 2182 3750 sentire,
2206 3697 2356 3740 cum
2387 3677 2453 3739 in
2478 3699 2595 3741 nu·
2661 3681 2744 3748 V.
2786 3675 3051 3752 notatis,
3085 3674 3198 3757 qui
3230 3674 3596 3737 communis
3636 3688 3737 3740 est
3771 3686 3901 3736 tam
3921 3663 4196 3737 Gordia·

1057 3791 1202 3834 mos
1268 3790 1864 3851 commentaretur,
1933 3779 2079 3857 qui,
2152 3779 2457 3862 quoniam
2506 3779 2587 3842 ab
2658 3801 2782 3857 no,
2830 3795 3019 3862 quam
3073 3772 3406 3857 Philippo.
3450 3777 3614 3839 Cum
3665 3777 3870 3860 igitur
3915 3787 4195 3851 constet,

1055 3872 1288 3938 aetatis
1343 3873 1639 3955 injuriis,
1685 3890 1756 3939 ut
1821 3877 2119 3955 videtur,
2165 3879 2337 3943 male
2391 3879 2596 3942 habiti
2667 3899 2906 3945 annum
2932 3876 3015 3943 V.
3056 3877 3129 3942 0.
3153 3893 3305 3959 997.
3340 3873 3545 3939 fuisse
3588 3867 4000 3959 postremum
4027 3873 4199 3939 Gor·

1057 3974 1285 4051 fuere,
1345 3995 1770 4061 quoscunque
1820 3978 1989 4042 velis
2035 3999 2272 4059 annos,
2328 3992 2397 4043 et
2439 4002 2597 4064 quo·
2667 3980 2879 4056 diani,
2923 3991 2990 4042 et
3017 3976 3303 4062 primum
3327 3977 3653 4064 Philippi,
3693 3976 3932 4064 hicque
3973 3979 4042 4039 in
4081 3977 4197 4042 Vi·

1058 4095 1319 4161 cunque
1358 4077 1588 4156 ordine
1629 4079 1956 4146 obtulere.
1984 4079 2354 4165 catalogus,
2393 4102 2588 4167 quem
2660 4065 2923 4144 m'inacii
2970 4076 3186 4139 numis
3215 4076 3469 4141 dicatur
3510 4101 3714 4143 annus
3750 4080 3870 4156 V..
3917 4098 4194 4142 necesse

1056 4196 1283 4240 coram
1352 4178 1570 4256 vides,
1641 4193 1989 4245 contextus
2056 4196 2158 4247 est
2222 4201 2309 4243 ex
2351 4181 2587 4260 numia,
2662 4195 2786 4259 est,
2811 4181 3092 4267 primum
3112 4178 3307 4261 hujus
3333 4178 3633 4246 coloniae
3660 4202 3897 4246 annum
3923 4199 4198 4266 respon-

1058 4295 1224 4361 quos
1260 4276 1392 4343 vidi
1426 4277 1570 4363 ipse
1599 4282 1668 4345 in
1701 4280 1944 4345 museis
1978 4283 2374 4362 Austriacis,
2425 4304 2592 4369 quae
2664 4283 2825 4347 dere
2866 4301 3034 4345 anno
3065 4281 3147 4346 V.
3192 4279 3267 4345 C.
3301 4277 3445 4362 093.
3487 4281 3747 4346 Eodem
3788 4282 4008 4358 modo,
4040 4301 4194 4346 cum

1056 4390 1336 4463 propter
1365 4379 1666 4445 viciniam
1693 4381 2055 4451 Viminacii·
2075 4398 2143 4449 et
2166 4384 2414 4457 Daciae,
2456 4383 2596 4470 opi·
2664 4385 2731 4450 in
2763 4384 2975 4450 numis
3002 4382 3246 4446 Daciae
3292 4400 3441 4445 cum
3474 4382 3794 4469 Philippi,
3837 4397 3971 4447 tum
4002 4383 4195 4448 Decii

1052 4515 4188 4552 —————²———-—————-———-—---——-————-———-—-—-—-——---—-—

1290 4611 1365 4685 k)
1402 4616 1555 4676 Diss.
1591 4615 1667 4678 de
1695 4636 1855 4678 num.
1884 4618 2070 4680 Licin.
2105 4636 2160 4680 c.
2190 4628 2245 4681 6.
2274 4617 2348 4697 J)
2383 4616 2459 4680 de
2485 4617 2626 4679 trib.
2653 4632 2785 4699 pot.
2811 4619 2972 4696 Elag.
3005 4636 3068 4695 p.
3101 4619 3198 4710 42.
3236 4621 3317 4692 ιι)
3347 4613 3548 4680 Numi.
3575 4616 3765 4698 impp.
3793 4618 3857 4679 in
3884 4615 4179 4679 Gordian.

2815 4803 2856 4830 δ
