4575 5850
998 654 1139 747 196

2040 644 3094 728 ΒΟΕΟΤΙΑ.

981 821 1133 885 tiam
1208 819 1477 884 sitarum
1534 836 1667 880 non
1727 815 2088 897 habentur,
2174 816 2270 882 sic
2333 830 2406 881 ut
2469 817 2526 882 is
2595 815 2795 879 nullis
2854 817 3233 903 antiquariis
3290 816 3602 882 aliorsum
3655 830 3801 881 sunt
3847 831 4133 900 accepta.

982 922 1169 986 nullo
1220 919 1469 984 erroris
1530 918 1833 1004 periculo
1894 939 2017 1003 pro
2070 933 2255 984 certo
2315 922 2530 984 Boeo-

982 1028 1113 1087 tiae
1156 1025 1346 1107 signo
1401 1021 1633 1087 haberi
1687 1018 1931 1106 possit,
1999 1021 2182 1124 fquod
2243 1022 2523 1104 amplius

979 1126 1233 1211 patebit
1346 1146 1428 1189 ex
1536 1123 2066 1187 commemoratis
2185 1123 2520 1188 variorum

982 1228 1384 1314 sphalmatis.
1471 1227 1780 1288 Adverto‘
1848 1224 2092 1301 etiam,
2182 1225 2522 1288 obtinente

982 1330 1114 1396 alio
1188 1344 1343 1414 typo
1415 1324 1717 1411 principe
1777 1325 2154 1411 clypeolum
2224 1325 2521 1410 ejusdem

976 1434 1232 1496 formae
1278 1430 1488 1496 videri
1547 1447 1740 1524 areae
1800 1429 1981 1490 numi
2026 1427 2336 1503 infixum,
2414 1451 2524 1493 cu·

980 1531 1084 1616 jus
1145 1532 1299 1596 bina
1341 1533 1644 1615 exempla
1684 1531 2054 1616 suppeditat
2097 1530 2520 1609 Pellerinius‚

977 1649 1174 1722 utque
1234 1636 1410 1699 idem
1470 1639 1764 1697 Boeotos
1821 1653 1967 1697 cum
2027 1635 2328 1715 symbolo
2391 1633 2519 1696 boc

980 1739 1107 1818 sibi
1151 1738 1421 1822 proprio
1468 1736 1919 1813 constituisse,
1963 1737 2140 1818 quod
2179 1755 2327 1797 cum
2373 1733 2520 1818 apio

981 1861 1100 1904 suo
1149 1836 1537 1914 Selinuntii,
1612 1858 1757 1900 cum
1820 1839 1992 1901 malo
2036 1838 2287 1900 Punico
2335 1836 2522 1898 Side-

979 1955 1114 2020 tes‚
1162 1964 1310 2005 cum
1365 1939 1605 2023 silphio
1651 1940 1994 2021 Cyrenaei.
2086 1941 2170 2007 Vt
2212 1937 2517 2023 clypeum

974 2058 1201 2124 certae
1249 2043 1502 2106 formae
1529 2040 1824 2104 habuere
1849 2040 2123 2119 Boeoti,
2168 2041 2265 2104 sio
2305 2055 2371 2103 et
2413 2063 2521 2125 ga·

976 2148 1186 2222 leam,
1265 2166 1345 2208 ex
1408 2167 1532 2230 qua
1605 2141 2128 2228 agnoscebantur
2182 2144 2522 2206 Plataeen-

979 2268 1087 2313 ses
1130 2248 1291 2333 picti
1356 2246 1422 2307 in
1483 2245 1783 2320 Poecile,
1844 2245 1955 2327 qui
2016 2244 2519 2308 Atheniensibus

973 2350 1042 2410 in
1071 2369 1289 2434 pugna
1322 2346 1728 2411 Marathonia
1758 2347 2003 2410 auxilio
2039 2361 2361 2414 venerunt
2395 2350 2475 2431 ⁸).

1602 2501 1886 2585 .*ss=

1063 2642 1320 2707 Rom..
1403 2649 1628 2712 Diota.
1730 2643 1780 2707 ae
1831 2651 2099 2730 Clypous
2153 2654 2518 2716 Boeotio-us.

974 2751 1118 2814 AR.
1159 2749 1208 2811 1.
1257 2745 1636 2827 (Pellerin.)

1081 2844 1393 2912 ErlAM.
1455 2883 1482 2898 ·
1541 2845 1660 2911 ΑΓ
1660 2843 1820 2911 ΛΑ.
1879 2884 1905 2900 ·

1713 2932 2142 3019 -ΡΑΣΤζ-

1964 2844 2233 2917 ΨΑΡΟ.
2292 2886 2319 2901 ·

983 2951 1123 3018 ΔΟ.
1188 2986 1209 2999 ·
1256 2946 1655 3014 ETFAPA.

974 3158 1161 3216 licus.
1224 3156 1359 3220 An.
1404 3157 1455 3217 1.
1514 3157 1717 3229 (Mus.

1027 3272 1123 3317 er.
1245 3307 1254 3318 .

979 3275 1022 3339 g
1060 3260 1235 3420 B())I
1305 3360 1536 3433 mota,
1585 3377 1854 3436 superne
1900 3362 2113 3424 clava.
2166 3354 2214 3418 3⁴.
2249 3362 2518 3442 LJypeus

975 3464 1333 3524 Boeotms.
1379 3460 1518 3522 AR.
1568 3460 1683 3521 111.
1731 3462 1934 3542 (Mus.
1979 3464 2192 3545 Caes.)

1064 3563 1269 3643 Caput
1316 3563 1651 3625 barbatum
1697 3565 1930 3626 hedera
1969 3569 2334 3630 redimitum
2360 3588 2523 3648 pro·

1777 3154 1965 3222 Caes.
2021 3155 2315 3219 Pellerin
2333 3199 2349 3231 ‚
2392 3159 2519 3220 Be-

2380 2844 2522 2912 (bl-

2199 2951 2449 3019 HtKE.
2493 2988 2521 3001 -

889 3066 898 3073 ’
974 3046 1396 3124 ΗΙΣΜΕΝ.
1439 3064 1558 3120 etc.
1604 3058 1821 3119 Diota.
1908 3051 1955 3114 Ξ
2008 3059 2274 3135 clypeus
2324 3059 2521 3118 Boeo·

2598 919 2711 983 Sic
2774 940 2846 980 το
2906 909 3161 986 ΦῙΔΟ.
3237 935 3467 983 notare
3523 921 3891 984 Phidonem
3938 922 4132 1004 Aegi-

2594 1041 2718 1085 nae
2780 1031 3008 1105 regem
3070 1036 3563 1106 pervetustum,
3636 1044 3904 1085 numum
3966 1020 4131 1085 adeo

2595 1140 2740 1183 esse
2786 1142 2869 1184 ex
2915 1125 3368 1187 vetustissimis
3423 1146 3661 1202 unum,
3718 1121 4131 1188 confidenter

2592 1224 2816 1287 docuit
2858 1227 3159 1308 Begerus
3208 1229 3294 1308 t),
3355 1226 3626 1312 ejusque
3670 1247 3877 1312 nepos
3926 1225 4122 1289 Caro·

2596 1326 2696 1388 lus
2743 1328 3049 1392 schottus
3080 1332 3187 1413 ¹¹),
3250 1331 3373 1393 etsi
3415 1328 3666 1393 fabrica
3693 1345 3760 1392 et
3790 1330 4127 1391 literarum

2591 1430 2805 1494 forma
2864 1433 3262 1496 contrarium
3325 1431 3636 1505 doceant,
3696 1451 3891 1514 quem
3953 1447 4134 1492 erro·

2594 1551 2731 1593 rem
2777 1532 2905 1615 jam
2954 1535 3401 1617 perstrinxere
3460 1534 3756 1618 Cuperus
3786 1536 3884 1612 ¹),
3970 1533 4128 1594 Bar·

2592 1633 2963 1715 thelemyus
2991 1637 3094 1718 y),
3167 1634 3566 1698 Pellerinius
3588 1680 3605 1710 ,
3660 1633 4008 1697 Bimardus
4037 1635 4120 1715 2).

2591 1733 2981 1817 Inscriptum
3030 1732 3405 1798 ETFAPA
3444 1755 3635 1818 quam
3686 1734 3873 1797 nobis
3912 1739 4126 1800 Boeo·

2592 1850 2808 1898 torum
2870 1835 3101 1899 urbem
3162 1837 3441 1911 indicet,
3528 1834 3777 1898 dubitat
3847 1837 4128 1900 Hardui-

2558 1913 2711 1998 xnus
2745 1941 2829 2022 ⁸).
2871 1937 2977 2002 Ad
3008 1959 3248 2003 nomen
3285 1932 3564 2001 ΕΑΣΤ.
3595 1938 3911 2002 adhaeret
3948 1944 4141 2021 Nonff

2590 2040 2736 2102 nius
2786 2040 3037 2106 Goltzii
3101 2053 3576 2105 commentator
3630 2041 3808 2102 nulla
3854 2056 4118 2124 reperta

2589 2162 2713 2225 por
2761 2144 3097 2226 Boeotiam
3146 2147 3312 2208 urbe
3376 2144 3503 2206 hoc
3555 2144 3819 2205 nomine
3867 2141 4126 2228 praedi-

2592 2263 2652 2309 ta
2688 2242 2773 2320 Ι’).
2837 2247 2934 2308 Αἰ)
2975 2247 3208 2310 eodem
3259 2267 3330 2307 το
3361 2239 3773 2309 ΗΙΣΜΕΝ.
3820 2246 3991 2306 male
4034 2247 4124 2308 ls-

2590 2370 2821 2412 menae
2866 2350 3207 2414 tributum.
3263 2349 3386 2411 Est
3427 2347 3493 2408 in
3536 2364 3765 2410 museo
3800 2347 4123 2409 Caesareo

2587 2451 2891 2515 numulus
2927 2465 3278 2536 argenteus
3307 2447 3739 2532 perelegans.

2679 2559 2947 2637 clypeus
3009 2556 3369 2615 Boeotiam.
3452 2544 3503 2607 ἶ
3538 2544 3743 2612 ΕΡΧ.
3801 2554 3977 2650 {satra
4022 2569 4125 2612 co·

2591 2677 2817 2720 ronam
2859 2658 3159 2733 spiceam.
3245 2653 3415 2713 Eum
3449 2629 3865 2713 Froelicbius
3898 2649 4125 2713 tribuit

2594 2761 2872 2820 Erchiae
2913 2756 3166 2819 Atticae
3198 2753 3294 2837 0.)
3383 2771 3549 2835 quac
3609 2748 3732 2813 fuit
3771 2773 3979 2836 pagus
4023 2772 4124 2814 so·

2589 2859 2672 2923 lis
2759 2856 3216 2942 Xenophontis
3275 2852 3622 2918 natalibus
3721 2853 4124 2921 nobilitatus.

2588 2948 2838 3030 Verum
2911 2960 3297 3025 docentibus
3372 2957 3587 3020 numis
3656 2955 3802 3021 aliis
3860 2954 4127 3020 dubium

2591 3086 2721 3125 non
2783 3062 3080 3138 videtur,
3166 3061 3233 3122 in
3293 3059 3423 3123 hoc
3484 3077 3744 3143 quoque
3797 3077 3868 3118 το
3915 3053 4121 3123 ΕΡΧ.

2587 3179 2818 3228 notare
2862 3165 3331 3250 magistratum.
3416 3160 3775 3224 Enimvero
3818 3161 3886 3222 in
3929 3158 4129 3222 simili

2587 3266 2995 3330 Hunteriano
3039 3278 3143 3329 est
3184 3264 3444 3349 plenius
3489 3260 3788 3339 EPx0.,
3844 3273 3917 3323 ut
3959 3260 4125 3325 adeo

2587 3368 2830 3432 Erchia
2871 3367 3236 3433 Froelichii
3279 3366 3475 3451 plane
3538 3365 3887 3449 dispereat.
3976 3366 4129 3423 Am-

2580 3469 2767 3551 plius
2810 3470 2975 3535 haec
3019 3467 3526 3545 confirmantur,
3590 3466 3768 3551 quod
3810 3464 4123 3529 nonnulla

2593 3569 2696 3632 his
2765 3572 2978 3633 numis
3045 3569 3359 3653 inscripta
3425 3568 3686 3632 nomina
3740 3587 3974 3632 revera
4031 3567 4124 3628 in·

973 3668 1253 3727 micante
1298 3685 1382 3726 ea·
1417 3666 1640 3744 fronte
1685 3685 1881 3727 cornu
1928 3672 2207 3732 taurino·
2266 3665 2315 3729 ἲ.
2356 3674 2523 3753 Sene
2592 3672 2871 3754 signium
2934 3672 3003 3735 in
3045 3670 3325 3735 Boeotia
3370 3670 3699 3747 virorum,
3762 3684 3829 3734 et
3870 3680 4122 3754 praeto-

974 3758 1333 3847 spiyraplaee.
1429 3769 1696 3847 clypeus
1752 3770 2088 3831 Boeotiam
2148 3780 2519 3836 transversa

973 3873 1188 3931 olava.
1233 3866 1372 3931 AR.
1416 3866 1468 3929 I.
1512 3865 1879 3953 (Pellerin,
1918 3869 2093 3937 Mus.
2128 3854 2347 3956 Caes.)

1063 3967 1258 4030 Numi
1303 3967 1588 4031 secunda
1648 3969 1806 4032 sede
1848 3972 2172 4054 propositi
2214 3974 2512 4041 dissimu-

2588 3797 2736 3839 rum
2779 3775 3046 3861 quidem
3090 3776 3323 3850 etiam,
3383 3774 3598 3839 fuere.
3689 3771 3812 3835 Cui
3852 3791 3984 3834 non
4031 3769 4124 3832 di·

2587 3895 2732 3944 ctus
2773 3874 3302 3961 Epaminondas?
3357 3895 3556 3961 quem
3601 3874 3802 3938 habes
3841 3871 3962 3935 sub
4006 3890 4123 3933 no-

2583 3980 2759 4045 mine
2803 3974 3110 4040 EHAM.
3183 3977 3493 4040 ismenias
3536 3962 3983 4050 HIEMEN„
4053 3987 4123 4037 et

973 4068 1109 4130 lato
1140 4067 1432 4151 regionis
1472 4071 1738 4133 nomine
1785 4072 1963 4135 solos
1989 4073 2357 4138 inscribunt
2380 4098 2512 4141 ma·
2581 4078 2691 4144 h'ic
2765 4082 2935 4146 inter
2990 4083 3282 4143 Boeotos
3358 4079 3608 4156 clarus,
3696 4090 3763 4141 et
3830 4087 4118 4161 praetor,
4181 4133 4191 4145 .

976 4166 1314 4266 gistratus,
1405 4166 1521 4231 sed
1591 4189 1870 4252 quorum
1941 4176 2203 4238 nomina
2258 4202 2295 4241 a
2348 4198 2509 4244 non·
2581 4181 2666 4246 de
2711 4203 2841 4269 quo
2886 4185 3088 4248 multa
3128 4182 3501 4265 Xenophon
3533 4178 3634 4262 d),
3693 4198 3884 4265 quem
3932 4180 4117 4262 legn-

1216 4479 1264 4553 8)
1289 4478 1592 4537 Demosth.
1623 4479 1683 4537 in
1703 4476 2067 4561 Nesei-aurp.
2086 4493 2214 4549 876.

976 4577 1044 4623 et·
1064 4572 1151 4629 59.
1325 4569 1654 4641 1>Lettres
1686 4591 1751 4650 p.
1790 4582 1875 4636 10.

1006 4654 1255 4727 ⁸)'Num.
1276 4658 1406 4718 urb·
1423 4658 1506 4717 ill.

2408 4490 2457 4562 ἵ)
2473 4489 2653 4551 Ther..
2670 4493 2767 4550 Br.
2781 4492 2850 4553 T.
2869 4491 2913 4549 1.
2932 4511 2991 4568 p.
3007 4499 3128 4555 279.

2048 4580 2109 4649 y)
2140 4579 2207 4637 Β.
2233 4578 2302 4639 L.
2332 4580 2400 4637 T.
2433 4580 2863 4645 numm.
2898 4602 2959 4658 p·
2994 4587 3120 4646 542.

2401 4668 2458 4743 ο)
2478 4665 3352 4751 cimeLVindob.p.xxxV111.
3373 4714 3377 4719 ·

3299 4492 3365 4564 ιι)
3384 4489 3546 4549 Misc.
3574 4487 3773 4548 Berol.
3791 4486 4113 4566 T.1.p.33.

3299 4590 3354 4648 2)
3384 4579 3465 4640 ad
3493 4576 3716 4638 lobert.
3752 4578 3827 4637 T.
3856 4573 3897 4632 1.
3929 4596 3993 4653 p.
4017 4581 4112 4637 26.

1683 4660 1746 4735 ¹²>
1767 4661 2218 4745 inGraec.p.97.
3527 4666 4115 4745 d)L.V.Hist.Graec.
