4575 5850
1041 476 1185 556 562
2156 453 2190 526 1

1040 587 1636 711 c‘rNxAHToc
1699 630 1900 707 Caput
1953 625 2258 691 senatu..
2316 625 2444 692 ΑΕ
2495 626 2580 688 11.

1040 741 1390 829 (Hunter.)

2346 456 2410 529 O
2563 450 2629 527 N

2777 453 2814 525 1
2959 435 3058 530 A.

2655 635 2726 685 ut
2769 623 2911 707 ipse
2960 619 3187 684 vertit:
3233 623 3736 701 Zmyrnaeorum
3763 626 3985 695 Asiae,
4023 644 4168 707 quas

2657 744 2817 788 veto
2861 723 2984 785 alia
3031 736 3216 786 extra
3267 721 3483 784 Asiam
3531 720 3673 802 ejus
3716 724 3995 785 nominis
4040 726 4181 787 urbs

1128 845 1278 910 Fuit
1314 854 1381 903 et
1423 838 1733 900 aliorsum
1766 839 2079 913 Smyrnae
2121 849 2266 890 cum
2312 826 2582 889 Athenis
2656 825 3033 888 exstitisset.

1040 967 1273 1011 nexus.
1318 942 1414 1001 Ea
1453 936 1730 1000 Aristidi
1766 934 2007 997 dicitur
2036 931 2437 995 Athenarum
2476 949 2584 992 co·

1042 1052 1220 1115 lonis
1263 1043 1367 1129 Β),
1442 1052 1511 1103 et
1571 1040 1969 1120 Smyrnaeus
2019 1033 2251 1094 rhetor
2297 1031 2585 1093 Athenas

1045 1155 1364 1234 Smyrnae
1436 1138 1830 1223 metro‘polin
1886 1134 2174 1220 appellat
2231 1128 2310 1214 ¹).
2389 1131 2587 1193 Numi

1041 1254 1114 1315 hi
1145 1264 1328 1316 certe
1358 1243 1593 1328 signati
1628 1254 1778 1303 suut
1812 1239 2169 1318 Smyrnae,
2222 1233 2369 1315 qnia
2404 1250 2590 1312 prae·

1047 1373 1151 1419 tor
1178 1346 1569 1415 Heraclides
1612 1343 1676 1403 in
1728 1339 1871 1402 aliis
1905 1357 2164 1422 quoquc
2196 1335 2338 1415 ejus
2376 1333 2588 1394 numia

1049 1453 1337 1520 occurrit
1357 1497 1377 1527 ,
1422 1461 1490 1509 ut
1523 1459 1591 1507 et
1613 1445 1681 1503 in
1714 1439 2032 1526 proximo.

1135 1552 1319 1621 CMT
1330 1551 1404 1616 P.
1420 1540 1865 1610 ΛΑΚΕΔΑΙ.
1881 1532 2587 1600 ΟΜΟ.ΟΤΡΑ.ΗΡΑ.

990 1812 1015 1828 .
1047 1763 1271 1824 habitu
1322 1751 1600 1815 militari
1634 1757 1847 1819 stans,
1882 1742 1948 1802 in
1977 1739 2189 1801 numis
2221 1738 2585 1800 Commodi.

1049 1862 1247 1939 (Mus.
1290 1851 1545 1925 Pisani,
1580 1845 1811 1921 Vaill.)

1135 1962 1279 2021 Hos
1326 1968 1589 2036 quoque
1623 1943 2030 2009 Concordiae
2077 1961 2227 2005 cum
2268 1938 2596 2004 Lacedae·

1052 2079 1248 2126 mone
1291 2071 1522 2117 numos
1573 2051 1864 2132 signatos
1913 2046 2268 2128 Smyrnae,
2333 2060 2420 2105 ex
2463 2061 2596 2105 ma-

1056 2161 1330 2244 gistratu
1370 2149 1726 2217 Heraclide
1772 2160 1975 2231 patet.

1137 2259 1385 2324 ACIA.
1436 2248 1839 2318 CMTPNA.
1898 2242 2347 2309 OMONOIA.
2398 2252 2593 2307 Ama·

1054 2383 1179 2427 zon
1225 2364 1555 2424 dexteram
1577 2355 1808 2433 Junqit
1853 2370 1996 2412 cum
2039 2349 2303 2410 muliere
2337 2350 2596 2421 turrita,

1056 2469 1121 2526 in
1158 2479 1356 2524 numo
1392 2454 1730 2521 Gordiani.
1765 2451 2136 2534 (Vaillant.)
2256 2481 2283 2518 η

1142 2559 1531 2627 Vaillautius
1577 2554 1840 2617 nomine
1900 2550 2101 2613 ACIA
2167 2547 2387 2610 Asiam
2445 2567 2599 2630 pro·

1062 2662 1471 2727 consularem
1511 2653 2005 2738 intelligendam
2056 2663 2237 2733 putat
2274 2655 2393 2735 ¹¹¹),
2481 2650 2599 2709 mi·

1059 2786 1177 2827 nus
1227 2774 1448 2834 recte,
1500 2772 1569 2819 ut
1612 2757 1869 2838 opinor.
1933 2753 2126 2815 Asiae
2170 2753 2384 2826 enim,
2430 2761 2595 2835 quae

1056 2866 1180 2932 fuit
1229 2861 1472 2947 Lydiae
1541 2858 1733 2931 urba,

1058 2969 1231 3054 apud
1304 2962 1653 3046 Hnymium
1725 2959 2107 3040 inscriptum
2173 2949 2594 3027 AZIEssN„

1058 3086 1137 3135 et·
1158 3074 1228 3132 in
1267 3066 1451 3151 cujus
1479 3063 1693 3127 antica
1730 3072 1829 3121 est
1858 3072 2049 3140 caput
2068 3055 2393 3118 muliebre
2410 3054 2603 3151 turri·

1060 3189 1197 3237 tum
1228 3172 1316 3255 ¹¹),
1338 3163 1633 3252 apposite
1663 3157 1745 3223 ad
1776 3159 1955 3223 numi
1985 3157 2193 3220 nostri
2224 3172 2471 3241 typum.
2518 3158 2604 3218 Et

1062 3275 1171 3336 hic
1201 3274 1515 3352 Smyrnae
1550 3263 1842 3346 signatus
1884 3271 2018 3336 est3
2061 3279 2209 3322 nam
2252 3259 2606 3342 inscriptus

1066 3365 1861 3456 magistratusPollunus.
1898 3303 2602 3429 erit.c.110AA1A·

1068 3474 1284 3544 ΝΟΤ.
1342 3480 1540 3553 saepe
1582 3470 1649 3531 in
1696 3454 2085 3529 Gordianeis
2128 3462 2444 3542 Smyrnae
2486 3480 2603 3520 nu·

1068 3582 1193 3643 mis
1250 3576 1521 3660 legitur.
1604 3567 1854 3632 Eadem
1928 3585 2076 3629 cum
2144 3562 2315 3626 Asia
2351 3560 2622 3643 Lydiae

1068 3677 1420 3746 concordia
1463 3669 1741 3735 indicata
1786 3665 1999 3731 videri
2043 3667 2250 3748 possit
2293 3662 2362 3724 in
2404 3683 2604 3726 numo

1064 3779 1333 3864 Traiani
1408 3771 1579 3860 apud
1637 3767 2094 3831 Petterinium·
2192 3761 2361 3830 ZM.
2434 3763 2607 3830 Act.

934 3866 961 3881 “
1038 3874 1504 3969 uxboTcKn.
1558 3865 1841 3933 ΑΝΘΤ.
1893 3858 2603 3932 cTPA.P01·‹1›oT.

1069 3972 1264 4069 quem
1297 3972 1504 4042 edidit
1530 3968 1842 4054 Haymius
1869 3988 2130 4054 quoque
2162 3971 2266 4051 ⁰,)
2314 3966 2432 4030 sed
2460 3987 2610 4052 pu·-

1070 4102 1297 4169 peram
1342 4076 1542 4142 Zelae
1584 4072 1782 4136 Ponti
1836 4068 2102 4147 tribuit,
2149 4088 2348 4154 quem
2392 4070 2603 4132 serius

1073 4190 1370 4248 errorem
1431 4176 1711 4260 agnovit
1749 4173 1889 4260 ipse
1922 4180 2016 4250 Ρ);
2081 4186 2146 4236 at
2187 4192 2321 4235 non
2365 4172 2603 4257 placet,

1297 4394 1366 4468 k)
1404 4391 1579 4454 Orat.
1603 4391 1680 4451 de
1709 4386 2044 4449 Concordia
2071 4388 2139 4445 Τ.
2173 4385 2218 4446 Ι.
2245 4407 2328 4466 p.
2342 4404 2418 4444 m.
2445 4393 2570 4449 625.

1103 4490 1165 4558 n)
1205 4482 1278 4544 Τ.
1305 4483 1377 4543 11.
1406 4502 1470 4562 p.
1506 4502 1589 4545 m.
1606 4490 1744 4545 -1050

3278 989 3317 1024 Ο
3405 941 3443 980 ῃ
3524 984 3565 1021 Ι

2744 1136 3044 1196 Formnla
3090 1130 3220 1192 AN
3234 1128 3561 1196 ΕΘΗΚΕ.

2741 1234 3077 1297 Habemus
3127 1234 3446 1315 Smyrnae
3480 1253 3715 1296 numos
3755 1254 3903 1297 cum
3955 1235 4190 1298 formu·

2661 1339 2756 1399 la:
2840 1323 3366 1408 ΠΟΛΕΜΩΝ,
3450 1336 3554 1396 vel
3628 1332 4192 1400 lePstNTMCC.

2661 1437 2766 1500 vel
2814 1429 3370 1498 ΘΕΤΔΙΑΝΟΟ.
3419 1432 3894 1496 ΑΝΕΘΗΚΕ.
3929 1432 4186 1500 ΟΜΤΡ·

2663 1533 2995 1599 NAIOIC.
3053 1535 3162 1598 vel
3204 1531 3821 1610 CMTPNAIQN,
3879 1536 3943 1598 in
3988 1545 4188 1599 numia
4285 1539 4298 1592 ’.

1049 1645 1484 1720 ΚΛΕΙΔΟΤ.
1515 1650 1738 1729 Cybele
1771 1646 2029 1715 cedens,
2071 1660 2154 1702 ex
2184 1643 2454 1700 adverso
2488 1642 2590 1700 οὐ·
2658 1635 3009 1710 Hadriani,
3075 1637 3378 1713 Antinoi,

3435 1641 3524 1699 Μ.
3573 1638 3869 1713 Aurelii,
3928 1653 4190 1702 autono-

2664 1742 2783 1804 mis
2803 1783 2820 1813 ,
2866 1736 2982 1800 sed
3002 1767 3008 1776 ·
3028 1757 3194 1822 quoa
3224 1759 3456 1801 numos
3486 1739 3551 1799 in
3585 1737 4047 1803 dissertatione
4073 1742 4189 1802 sin·

2667 1839 2881 1923 gulari
2914 1836 3319 1916 describam,
3363 1852 3431 1903 et
3471 1837 3843 1922 explicabo.

2748 1945 2892 2009 ΑΕ.
2941 1944 3004 2005 C.

3121 2064 3384 2160 “TE
3471 2063 3525 2160 ὸ
3609 2100 3681 2161 S.

2750 2254 2821 2314 In
2873 2249 3248 2335 peninsula,
3295 2252 3723 2314 Anacreontis
3767 2253 4000 2337 patria.

2752 2355 3101 2416 Autonomt’
3167 2369 3297 2413 non
3369 2349 3864 2438 infrequentes,
3934 2375 4191 2440 quorum

2667 2454 2989 2542 plurimos
3023 2470 3421 2534 congessere
3449 2454 3855 2518 Pellerinius
3884 2470 3949 2520 et
3966 2460 4194 2519 Hunte-

2669 2574 2804 2615 rus.
2892 2553 2997 2613 Ex
3050 2550 3152 2614 his
3208 2554 3499 2619 eminent
3556 2559 3865 2624 nonnulli
3909 2560 4201 2643 antiquis·-

2670 2653 2818 2714 simi
2861 2651 3117 2734 operis,
3163 2655 3271 2737 qui
3315 2671 3502 2739 parte
3548 2678 3672 2719 una
3715 2661 4079 2743 gryphum,
4124 2662 4201 2721 al·

2671 2767 2808 2816 tera
2867 2752 3248 2837 quadratum
3308 2759 3643 2827 exhibent.
3731 2761 3902 2824 Cum
3976 2762 4039 2822 in
4106 2761 4195 2821 his

1794 2854 2109 2917 habemus
2175 2851 2591 2916 antonomum
2667 2854 3197 2939 epigraphe‘aut
3261 2857 3471 2920 omnis
3525 2858 3725 2937 absit,
3789 2876 3938 2937 aut,
3995 2862 4066 2924 si.
4088 2882 4199 2946 qua

2669 2970 2803 3032 est,
2858 2959 2924 3019 in
2971 2956 3454 3037 magistratibus
3509 2975 3758 3024 tantum
3825 2975 4199 3046 occupetur,

2674 3057 2893 3123 decidi
2936 3058 3132 3122 facile
3175 3073 3597 3143 non‘potest,
3644 3077 3871 3125 utrum
3916 3064 4091 3123 numi
4132 3062 4204 3122 si-

2677 3160 2869 3221 miles
2926 3160 3077 3222 huic
3140 3166 3282 3224 Teo
3304 3192 3325 3239 ,·
3380 3184 3461 3223 an
3507 3162 3697 3246 hujus
3743 3165 4052 3227 coloniae
4093 3162 4210 3225 Ab·

2682 3257 2883 3323 derae
2935 3262 3287 3339 Thraciae,
3349 3283 3513 3344 quae
3568 3276 3636 3325 et
3690 3265 3843 3348 ipsa
3901 3278 4257 3345 metropo··

2685 3358 2766 3422 lis
2827 3358 2980 3424 suae
3040 3364 3363 3444 gryphum
3422 3362 3724 3438 retinuit,
3785 3368 3926 3429 sint
3982 3364 4209 3445 adjudi-

2673 3462 2883 3527 candi.
2969 3464 3125 3526 Dixi
3182 3466 3249 3526 in
3315 3463 3528 3527 numia
3582 3463 3935 3543 Abderae,
3992 3465 4057 3528 id
4110 3484 4207 3550 ge·

2672 3583 2794 3625 nus
2841 3584 3072 3656 numos
3133 3562 3611 3650 anepigraphos
3665 3568 3884 3648 magis
3939 3588 4081 3630 esse
4132 3586 4204 3629 ex

2674 3663 2941 3745 ingenio
3015 3680 3318 3731 monetae
3390 3666 3876 3730 vetustissimae
3968 3667 4206 3730 urbium

2680 3767 3002 3831 Thraciae
3080 3767 3402 3847 signatos,
3458 3756 3697 3829 deinde
3753 3787 3843 3831 ex
3902 3770 4095 3833 certis
4148 3790 4209 3827 u·

2678 3866 2973 3952 tritisque
3022 3867 3200 3930 urbis
3243 3870 3457 3943 numia
3501 3888 3860 3952 apparere,
3905 3871 4067 3934 raris
4109 3889 4208 3932 ex-

2678 3968 2913 4053 emplis
2972 3969 3364 4046 contrariis,
3420 3969 3746 4053 gryphum
3792 3969 4106 4055 Teiorum
4146 3971 4208 4031 in

2677 4084 2929 4148 ortum,
3012 4070 3322 4135 Abderae
3397 4070 3466 4132 in
3539 4090 3846 4137 oceasum
3902 4085 4205 4157 spectare.

2676 4174 2777 4236 Ex
2838 4191 2962 4255 qua
3021 4171 3174 4256 lege
3216 4171 3401 4235 numi
3441 4190 3573 4236 non
3614 4170 3845 4258 pauci,
3891 4193 4056 4256 quos
4096 4169 4208 4235 viri

2686 4383 2729 4458 ¹)
2773 4385 3008 4446 Gratul.
3036 4384 3096 4441 in
3125 4383 3364 4461 Smyru.
3448 4384 3527 4457 m)
3566 4382 3743 4453 Num.
3760 4385 3974 4446 Graec.
3998 4403 4062 4461 p·
4088 4390 4210 4447 223

1848 4475 1905 4551 ο)
1947 4476 2019 4537 Τ
2058 4476 2129 4535 11.
2167 4495 2229 4553 p.
2264 4493 2343 4531 ιιι.
2382 4481 2506 4539 266.
2555 4475 2672 4548 Ρ)
2711 4472 2780 4533 In
2815 4472 3061 4552 praefat.
3098 4471 3176 4532 ad
3212 4474 3380 4532 Tom.
3419 4469 3492 4531 ll.

4077 5680 4513 5760 &A
