4575 5850
1484 482 1980 558 ·AT.T

2075 486 2111 557 I
2206 487 2265 560 C
2368 492 2451 559 A.
3446 515 3590 592 219

442 646 721 710 Athenis
749 654 1020 731 reperto
1036 649 1393 733 comparet,
1413 649 1984 735 quodediditPac·
2052 671 2188 720 tum
2251 672 2446 741 caput
2497 657 2665 723 illud
2696 658 2885 724 ‘haud
2929 660 3124 728 dubie
3172 664 3300 729 erit
3341 669 3588 734 Bacchi

443 748 708 814 ciandus
755 745 828 830 i).
873 752 1157 814 Numam
1189 750 1494 830 similem,
1525 753 1642 815 sed
1672 774 1802 817 non
1823 755 1977 820 satis

437 861 790 939 integrum,
817 872 965 916 cum
1000 851 1069 912 in
1089 872 1171 916 eo
1187 847 1407 919 ΕΦΕ.
1424 854 1781 939 legendum
1797 863 1978 940 puta·

435 977 574 1019 rem
594 1001 611 1032 ,
671 955 828 1018 olim
879 952 1215 1037 Ephesum
1263 957 1634 1041 perperam·
1660 957 1856 1040 adegi
1881 954 1971 1041 k).

1074 1122 1355 1202 ***

366 1295 370 1304 ·
489 1279 758 1342 'Comes
808 1281 1210 1347 Winchilsea
1273 1285 1339 1346 in
1407 1287 1592 1348 variis
1656 1287 1974 1370 capitibus

435 1381 707 1464 galeatis
758 1383 860 1444 sui
925 1388 1136 1447 musei
1199 1386 1558 1464 Periclem,
1617 1388 1972 1470 Aspasiam,

433 1483 826 1557 Aristidem,
944 1486 1319 1563 Cimonem,
1429 1490 1967 1562 Themistoclem,

430 1582 794 1647 Phaedram
819 1630 835 1661 ,
863 1586 1329 1651 Callisthenem
1369 1591 1559 1666 vidit,
1606 1610 1794 1672 quam
1826 1611 1966 1652 sen·

431 1686 700 1749 tentiam
739 1688 870 1772 jam
901 1689 1298 1773 improbavit
1323 1691 1659 1755 Corsinius
1703 1683 1771 1768 ¹).
1817 1692 1966 1784 Ple·

427 1787 618 1873 rique
676 1787 754 1851 hi'
801 1789 982 1851 numi
1037 1802 1288 1854 exstant
1353 1792 1545 1856 etiam
1599 1795 1663 1853 in
1737 1814 1965 1856 museo

429 1891 787 1966 Caesareo,
845 1904 907 1952 at
964 1891 1029 1952 in
1087 1890 1190 1954 his
1248 1891 1679 1959 indubitatum
1724 1908 1824 1972 est
1863 1917 1965 1960 ca-

427 2007 542 2076 put
601 1990 905 2054 Palladis.
993 1991 1292 2058 Vidimus
1350 1995 1702 2072 hactenus,
1762 1998 1965 2060 Athe-

427 2094 688 2156 nienses
746 2092 1064 2177 pleraque
1126 2113 1472 2174 numerum
1536 2117 1801 2159 suorum
1863 2120 1962 2161 ar-

428 2213 732 2277 gumenta
792 2216 876 2257 ex
931 2195 1375 2280 mythologie,
1439 2198 1544 2262 vel
1586 2200 1817 2263 ritihus
1865 2223 1962 2263 sa-

428 2298 557 2362 cris
590 2297 904 2360 hausisse.
995 2296 1217 2392 Quare
1267 2318 1505 2366 vereor
1543 2301 1860 2375 etiam‚÷ut
1892 2300 1961 2361 in

424 2419 624 2462 numo
682 2397 1046 2482 Haymiano
1092 2393 1211 2481 111),
1288 2400 1354 2462 in
1423 2422 1550 2486 quo
1609 2400 1788 2483 juxta
1862 2422 1961 2465 ca-

427 2514 540 2583 put
607 2500 948 2563 barbatum
1012 2516 1078 2562 et
1127 2497 1373 2562 hedera
1421 2517 1802 2564 coronatum
1871 2503 1959 2564 le·

426 2602 598 2686 gitur
635 2598 784 2666 ΑΘ.
816 2598 936 2662 ΘΕ
961 2644 980 2676 ,
1016 2620 1248 2666 revera
1267 2602 1638 2686 propositus
1658 2604 1962 2666 sit'I'hes·

424 2704 562 2785 pis,
626 2717 819 2787 poeta
866 2702 1191 2785 tragicus,
1252 2716 1318 2763 ut
1372 2702 1669 2787 opinatus
1715 2719 1813 2767 est
1855 2723 1964 2767 co·

423 2795 568 2866 mes
637 2804 979 2879 laudatus,
1054 2821 1246 2886 quem
1346 2803 1717 2888 olympiade
1789 2808 1960 2873 LXI.

317 2976 326 2983 ‚
421 2906 723 2970 docuisse
755 2904 1008 2967 fabulas
1045 2917 1316 2969 testatur
1356 2904 1607 2971 Suidas.
1697 2906 1957 2986 Fateor,

420 3008 664 3087 judicio
715 3006 868 3070 huic
913 3007 1209 3069 nonnihil
1258 3000 1953 3091 suffragari‘coronam

422 3109 887 3183 hederaceam‚
959 3106 1077 3171 sed
1145 3109 1382 3171 mirum
1456 3120 1672 3172 tamen
1740 3092 1959 3174 videa-

416 3228 553 3289 tur,
612 3209 1049 3295 Athenienses
1105 3208 1280 3273 istud
1335 3209 1607 3273 honoris
1651 3212 1964 3276 hahuisse

418 3312 770 3398 tragoedo,
873 3310 1048 3393 quod
1113 3312 1248 3373 'non
1325 3331 1715 3375 concessere
1795 3316 1953 3377 viris

414 3413 983 3502 praestantissimis
1004 3459 1021 3490 ,
1067 3414 1177 3499 qui
1212 3413 1422 3498 rem'p.
1456 3412 1595 3477 sive
1629 3413 1825 3491 belli,
1870 3417 1953 3478 si·

411 3540 494 3584 ve
567 3521 746 3602 pacis
823 3517 1221 3579 ornamentis
1294 3516 1376 3579 ad
1432 3537 1752 3579 summum
1813 3520 1954 3603 glo·

409 3623 549 3686 riae
594 3620 847 3705 apicem
888 3632 1384 3701 promoverunt.
1428 3622 1513 3682 At
1543 3620 1753 3682 omnis
1788 3620 1951 3685 haec

411 3721 860 3788 controversia
888 3732 1115 3804 suapte
1149 3721 1419 3796 corruit,
1446 3719 1503 3782 si
1517 3721 1946 3805 suspicemur,

418 3825 585 3888 male
645 3818 890 3890 lectum
948 3820 1096 3887 ΑΘ.
1161 3820 1306 3882 ΘΕ.-
1361 3818 1751 3906 proaem.
1795 3844 1946 3907 pro·

414 3943 670 4012 pterea,
730 3923 908 4012 quod
961 3925 1030 3987 in
1083 3923 1282 3986 simili
1337 3924 1548 3988 altero
1598 3925 1948 3987 Hunteria·

2049 759 2309 827 Indici..

2048 866 2186 928 An.
2233 874 2302 925 et
2340 867 2484 927 ΑΕ.
2534 868 2596 925 C.

2632 1023 3007 1102 neqta

2133 1176 2382 1236 Numos
2438 1178 2756 1237 Demetrio
2815 1155 3215 1241 Polior-cetae
3262 1177 3341 1240 ab
3371 1179 3589 1245 -Athe-

2048 1273 2382 1336 aiensibus
2427 1275 2764 1340 dedicatos
2808 1277 2960 1342 vide
3001 1278 3068 1340 in
3106 1292 3366 1346 moneta
3399 1283 3590 1367 hujus

2047 1376 2472 1440 Macedoniae
2516 1378 2715 1462 regis.

2809 1533 2843 1568 Ἰ

2685 1578 2723 1616 fi
2932 1578 2970 1616 fi

2124 1688 2371 1748 Numus
2435 1691 2828 1751 Mithridatis
2894 1693 3038 1765 VJ..
3114 1691 3354 1775 aliique
3437 1716 3581 1775 syn-

2039 1786 2301 1852 chroni:

2124 1893 2330 1968 Caput
2355 1891 2671 1960 Palladia.
2704 1884 2752 1946 ἶ
2784 1885 2997 1956 ΑΘΕ.
3028 1889 3580 1960 ΒΑΣΙΛΕΜΙ-

2039 1984 2574 2060 ΘΡΑΔΑΤΗΣ,
2607 1993 2787 2070 cufi-a
2807 1986 3303 2058 ΑΡΙΣΤΙΩΝ.
3323 2001 3580 2060 Noctua

2035 2095 2252 2155 diotae
2298 2097 2635 2168 insistens,
2681 2096 2752 2154 in
2797 2115 2955 2156 area
2990 2103 3173 2158 astra
3203 2100 3360 2162 solis
3390 2109 3456 2159 et
3484 2102 3582 2162 lu·

2032 2215 2177 2260 nae.
2238 2194 2377 2258 AR.
2430 2196 2481 2257 1.
2534 2193 2810 2272 (Combe
2855 2197 3056 2260 Catal.
3106 2215 3270 2260 mus.
3317 2199 3578 2263 Hunter

2033 2317 2096 2377 p.
2132 2301 2237 2376 49.
2267 2293 2334 2356 in
2366 2298 2574 2372 nota.)

2122 2400 2324 2477 Caput
2366 2399 2678 2460 Palladis.
2726 2392 2773 2453 Ξ
2825 2391 3030 2461 ΑΘΕ.
3075 2393 3577 2468 ΑΡΙΣΤΙΩΝ.

2035 2488 2394 2562 ΦΙΛΩΝ.
2438 2491 2622 2560 ΗΙῚ.
2683 2502 2938 2562 Noctua
2987 2503 3207 2563 diotae
3256 2506 3579 2581 insistens,

2034 2602 2105 2659 in
2176 2620 2335 2661 area
2390 2604 2675 2680 Peyasus
2714 2619 3007 2678 pascens.
3061 2601 3198 2665 AR.
3243 2603 3295 2666 1.
3345 2606 3571 2681 (Catal.

2033 2700 2312 2763 Hunter.
2359 2720 2423 2783 Ρ.
2468 2705 2570 2780 49.
2580 2704 2604 2777 )

2118 2804 2321 2879 Caput
2336 2803 2648 2863 Palladis.
2667 2797 2715 2858 ΞΖ
2736 2797 2944 2864 ΑΘΕ.
2954 2796 3569 2874 AHEAAIKQN.
3658 2873 3659 2876 ,

2028 2889 2088 2959 Γ
2093 2896 2269 2962 ΟΡΓ
2273 2895 2465 2966 ΙΑΣ
2509 2895 2848 2967 ΔΙΟΣΙΟ.
2910 2908 3165 2969 Noctua
3213 2910 3429 2971 diotae
3478 2914 3576 2970 iu-

2028 3007 2281 3068 nictans.
2328 3004 2468 3068 AB.
2504 3007 2556 3069 1.
2589 3003 2812 3084 (thid.)

2111 3102 2380 3189 Priores
2442 3106 2572 3170 duo
2631 3108 2814 3168 numi
2870 3106 3408 3194 praestantissimi
3473 3113 3570 3173 hi·

2027 3204 2294 3269 storiam
2355 3208 2625 3292 egregie
2686 3209 3037 3276 illustrant.
3123 3212 3341 3276 Docet
3391 3213 3573 3289 haec,

2026 3308 2421 3374 Archelaum
2454 3330 2575 3392 pro
2609 3311 2988 3377 Mithridate
3018 3317 3130 3383 vl.
3164 3315 3398 3377 ducem
3441 3329 3568 3376 tra-

2022 3410 2201 3490 jecto
2233 3411 2301 3471 iu
2336 3409 2677 3474 Graeciam
2715 3414 3010 3477 exercitu
3027 3417 3112 3487 V.
3132 3417 3205 3481 C.
3226 3414 3350 3495 667
3373 3416 3568 3478 Athe·

2020 3535 2137 3574 nas
2186 3524 2255 3575 et
2298 3514 2643 3575 Piraeeum
2701 3532 3052 3600 occupasse
3095 3517 3360 3599 juvante
3420 3517 3562 3600 ejus

2022 3615 2293 3678 consilia
2341 3615 2700 3690 arietinae,
2749 3616 2859 3698 qui
2896 3629 3085 3679 antas
3114 3616 3327 3681 dictus
3362 3617 3564 3680 Athe·

2022 3717 2210 3795 nion,
2257 3717 2377 3782 sed
2430 3717 2513 3778 in·
2550 3715 2880 3780 civitatem
2918 3717 3291 3800 adscriptus
3316 3737 3556 3782 nomen

2021 3819 2327 3894 mutavit,
2383 3837 2468 3881 ex
2523 3815 2920 3902 philosopho
2977 3820 3407 3902 peripatetico
3466 3820 3558 3883 fa·

2017 3936 2160 3985 ctus
2192 3921 2593 3983 Athenarum
2634 3933 2963 4001 tyrannus,
3013 3920 3199 4004 cujus
3230 3906 3446 3995 ortum
3466 3943 3554 3984 ac

413 4053 496 4093 no
552 4029 882 4116 posterior
937 4027 1099 4089 haec
1160 4025 1480 4111 scriptura
1538 4024 1820 4104 obtinet,
1879 4038 1945 4090 at
2013 4041 2438 4108 progressum
2474 4022 2604 4085 late
2634 4020 3016 4127 describunt
3058 4021 3433 4087 Athenaeus
3464 4027 3597 4125 ¹¹),—

641 4423 692 4495 1)
745 4425 905 4484 Mon.
948 4424 1156 4503 Pelop·
1196 4446 1257 4502 Ρ
1303 4436 1430 4489 207.
1533 4425 1600 4499 k)
1651 4426 1827 4489 Num.
1867 4442 1982 4489 vet.
2008 4449 2076 4533 Ρ.
2101 4433 2231 4494 204.
2271 4416 2274 4421 ’
2341 4422 2573 4499 1)Fast.
2588 4424 2730 4484 Att.
2760 4424 2827 4483 Τ.
2860 4420 2937 4481 Π.
2961 4442 3023 4497 Ρ
3055 4426 3179 4485 247
3267 4419 3342 4494 m)
3384 4418 3454 4475 T.
3491 4417 3542 4475 Ι.

408 4520 729 4587 Pmmzoe
827 4512 1190 4587 n)L.V1.

2921 4607 3124 4670 Ees
