4575 5850
1437 492 1838 567 ACH

312 672 502 719 omne
533 652 600 717 in
630 655 751 719 hos
786 675 1017 722 numos
1055 659 1159 742 jus
1205 659 1439 730 amisit.
1545 661 1745 757 Quod
1791 667 1848 730 si

309 755 759 839 permittamus
804 758 1000 821 etiam
1047 759 1143 821 tin
1213 761 1447 847 Siphni
1507 784 1656 829 eum
1711 788 1849 831 mo-

1937 498 2002 571 A
2101 501 2138 573 1
2240 502 2326 576 A.
3314 520 3535 601 263·

1916 667 2085 752 jura.
2131 671 2267 736 Sed
2298 674 2462 739 haec
2497 679 2928 761 opportunius
2958 680 3021 743 in
3059 683 3293 772 Siphni
3326 683 3469 756 moss
3532 754 3536 758 .

1919 788 2071 836 neta
2100 772 2626 860 disputabuntur.

308 869 456 920 neta
513 858 953 937 censendum,
1013 882 1144 925 non
1212 863 1450 942 video,
1520 887 1642 932 cur
1712 889 1846 934 uon
1907 878 2058 941 Aa.
2099 879 2171 939 lt.
2207 881 2349 948 ΑΕ,
2386 883 2572 945 RBR.

310 958 504 1021 etiam
548 960 792 1043 Sicyon
821 960 1270 1042 magistratum
1314 965 1564 1032 habere
1611 957 1864 1055 potue?

306 1060 412 1136 rit,
456 1061 565 1123 cui
608 1080 849 1123 nomen
896 1075 1073 1125 esset
1119 1062 1580 1135 ΑΛΕΞΙΩΝ.
1641 1072 1842 1135 Deni-

312 1179 432 1244 que
464 1160 631 1226 haec
676 1161 995 1226 scribenti
1013 1167 1331 1231 *occurrit
1382 1190 1508 1254 pro
1555 1171 1840 1255 Sicyone

309 1277 759 1350 argumentum
806 1264 1086 1329 alterum
1131 1291 1169 1331 a
1216 1267 1498 1335 dialecto
1540 1274 1841 1358 petitum.

310 1361 522 1430 Video
565 1365 763 1442 enim,
810 1367 1300 1448 magistratuum
1347 1373 1415 1434 in
1458 1372 1562 1436 his
1607 1393 1840 1457 argen-

309 1465 430 1528 teis
465 1467 730 1529 nomina
768 1468 1006 1553 scripta
1035 1489 1182 1533 esse
1217 1473 1489 1551 Dorice,
1522 1488 1627 1540 ut:
1688 1473 1849 1538 AN-

312 1560 846 1645 ΔΡΩΝΙΔΑΣ,
890 1604 917 1618 ·
963 1604 990 1618 -
1041 1568 1511 1641 ΛΤΠΑΔΑΣ
1577 1591 1705 1642 ete.
1755 1577 1849 1643 Si-

312 1670 614 1749 cyonios,
660 1670 809 1756 quia
841 1671 1121 1751 Achaei,
1165 1674 1369 1740 fuisse
1396 1676 1651 1757 Dores,
1697 1699 1849 1746 eon·

2271 1089 2282 1105 ι
2403 1025 2972 1102 Imperatoris.

2000 1136 2308 1223 Inscripti
2355 1131 2935 1209 ΣΙΚΤΩΝΙΩΝ
2982 1149 3121 1211 cusi
3159 1151 3281 1216 sub
3327 1154 3464 1221 Do-

1914 1237 2224 1316 mitiano,
2273 1252 2341 1303 et
2385 1260 2511 1324 per
2567 1245 2802 1309 Severi
2854 1249 3255 1333 imperium(
3330 1259 3463 1323 Eos

1916 1338 2232 1401 hactenus
2283 1343 2586 1426 cognitos
2641 1365 2723 1407 ex
2778 1347 3125 1417 Vaillantio
3180 1356 3466 1445 aliisque

1923 1439 2199 1523 collegit
2234 1455 2300 1504 et
2335 1443 2683 1531 descripsit
2717 1449 2797 1514 cl.
2840 1451 3158 1519 Sestinus.

2013 1547 2174 1623 712in
2231 1545 2627 1632 plerumque
2685 1564 2832 1614 sunt
2881 1555 3208 1623 variorum
3252 1563 3461 1627 numi·

1921 1664 2074 1705 num
2098 1689 2114 1721 ,
2157 1650 2400 1709 Bacchi
2417 1693 2435 1725 ,
2494 1656 2823 1730 Apollinis
2872 1661 3056 1719 Actia·
3072 1703 3088 1736 ,
3148 1668 3457 1730 Aescula-

316 1784 471 1848 stat,
536 1790 764 1835 verum
815 1771 1132 1838 hactenus
1181 1796 1398 1864 neque
1447 1798 1532 1843 ex
1573 1780 1849 1866 scripto·
1910 1751 2052 1829 ''²⁵²”
2096 1750 2427 1826 Palladi*
2474 1755 2858 1834 Sarapi‘m’
2923 1761 3287 1842 cupidini*
3349 1770 3468 1851 7⁰3

310 1871 528 1947 ribus,
589 1871 805 1959 neque
868 1878 1308 1942 monumentis
1353 1880 1499 1943 aliis
1572 1898 1847 1964 constat,

315 1971 623 2056 Siphnios
659 1997 741 2041 ex
773 1977 1030 2042 Dorum
1061 1977 1267 2044 fuisse
1301 1985 1624 2067 prosapia.

389 2075 488 2136 Ex
536 2077 774 2142 iisdem
814 2080 1027 2146 causis
1078 2082 1381 2165 Sicyonis
1434 2084 1562 2146 erit
1611 2106 1848 2151 numus

317 2195 644 2263 sequenst

393 2284 700 2345 Columba
735 2285 982 2350 volans.
1023 2283 1070 2345 ἶ
1119 2280 1177 2350 Σ
1224 2290 1399 2351 intra
1442 2294 1844 2374 quadratum.

311 2383 443 2446 AR.
480 2383 576 2449 11.
622 2383 823 2463 (Mus.
864 2385 1080 2466 Caes)

389 2486 680 2548 Numum
713 2485 886 2548 hunc
921 2485 1076 2549 olim
1112 2486 1329 2566 edidi,
1376 2487 1493 2552 sed
1516 2536 1533 2567 ‚
1579 2504 1652 2553 ut
1691 2490 1847 2567 dixi,

314 2585 554 2672 Siphno
591 2600 727 2650 tum
761 2587 1180 2670 tribuendem
1213 2596 1431 2673 putavi
1461 2597 1533 2673 ⁸).
1592 2596 1713 2657 Est
1747 2615 1848 2657 er·

314 2706 394 2770 go
431 2686 736 2770 Sicyonis
773 2704 1071 2763 nostrae,
1116 2692 1316 2777 idque
1362 2695 1560 2761 habet
1603 2696 1844 2773 meriti,

314 2790 479 2872 quod
539 2812 779 2854 numos
843 2793 1035 2876 hujus
1092 2800 1459 2879 argumenti
1531 2798 1845 2864 hactenus

315 2887 613 2973 cognitos
645 2894 1028 2982 antiquitate
1061 2914 1373 2984 praestat.
1471 2946 1488 2965 ,

852 3102 860 3111 ,
937 3096 973 3132 *
1056 3054 1095 3093 *
1175 3100 1214 3140 *

387 3203 728 3266 Hactenus
768 3223 916 3268 cum
950 3208 1114 3270 mihi
1147 3229 1296 3274 cum
1331 3211 1416 3277 cl.
1463 3213 1707 3277 Sestini
1753 3212 1848 3276 di·

315 3304 492 3365 ctatis
552 3307 981 3386 convenerit,
1047 3331 1180 3373 non
1239 3313 1395 3376 milii
1455 3316 1629 3379 idem
1698 3337 1846 3381 cum

313 3402 585 3490 reliquis
622 3407 764 3488 ejus
793 3412 1164 3494 praeceptis
1198 3413 1536 3495 judicium.
1581 3418 1847 3482 Etenim

289 3504 434 3570 June
469 3528 705 3573 numos
743 3509 978 3595 adigit,
1023 3534 1190 3599 quos
1236 3515 1363 3578 sibi
1406 3517 1667 3604 Siphnii
1711 3521 1850 3583 vin-

313 3605 522 3672 dicant
552 3611 729 3694 jure,
776 3633 966 3696 quam
995 3618 1108 3701 qui
1147 3616 1418 3702 optimo,
1458 3610 1660 3704 atque
1689 3621 1849 3684 item

315 3710 508 3787 alios,
579 3705 938 3797 dequibus
986 3716 1270 3782 dubitari
1320 3719 1536 3786 adhuc
1591 3738 1845 3808 potest,

312 3824 520 3875 utrum
580 3814 850 3895 Sicyoni
889 3804 1048 3901 prae
1107 3819 1356 3904 Siphno
1409 3824 1666 3909 potiora
1721 3824 1849 3889 sint

1615 4051 1852 4124 ΕΙ,

316 4205 657 4299 Habuisse
687 4237 887 4302 Eleos
920 4218 1276 4326 propriam·
1302 4245 1648 4308 universae
1698 4262 1853 4325 gen·

312 4338 361 4395 ti
403 4352 767 4414 monetam,
831 4343 954 4403 nisi
1005 4362 1083 4406 ea
1134 4343 1218 4407 ad
1267 4345 1499 4409 urbem
1552 4347 1849 4430 ejusdem

406 4614 414 4619 .
535 4534 593 4602 a)
635 4528 870 4611 Sylloge
909 4532 953 4590 1.
985 4556 1049 4613 p.
1081 4547 1172 4600 30.

1639 4725 1660 4763 (

1921 1851 2142 1911 alatne
2170 1860 2306 1912 etat
2322 1894 2338 1926 ,
2384 1856 2446 1915 d.
2483 1856 2703 1933 facem
2748 1861 3072 1923 inversam
3112 1874 3360 1945 tenens,
3404 1888 3459 1933 e.

1921 1952 2181 2015 brachio
2211 1963 2407 2031 caput
2437 1965 2806 2021 sustentans
2840 1971 2957 2025 eto.

2496 2075 2838 2162 'n*·=

2007 2184 2313 2252 Goltzius
2360 2191 2428 2254 in
2487 2195 2830 2260 Thesauro
2878 2218 3031 2278 suo,
3092 2221 3339 2288 opere,
3402 2208 3461 2268 si

1921 2289 2097 2373 quod
2130 2289 2328 2368 aliud,
2374 2294 2651 2380 exiguae
2679 2295 2856 2378 fidei,
2904 2302 3160 2383 Tiberii
3191 2328 3464 2372 numum

1921 2390 2159 2458 edidit:
2207 2390 2808 2468 ΣΙΚΤΩΝΙΩΝ.
2872 2399 3095 2475 ΤΗΣ.
3144 2403 3463 2478 ΙΕΡΑΣ.

1918 2493 2110 2561 ΚΑΙ.
2174 2491 2602 2573 ΑΣΤΛΟΤ,
2647 2502 2834 2584 cujus
2905 2502 3106 2568 fidem
3179 2493 3466 2578 elevavit

1919 2591 2299 2660 Harduinus
2343 2595 2441 2678 b),
2486 2598 2605 2663 sed
2640 2603 2937 2667 defendit
2966 2607 3329 2676 Paciautlus
3376 2617 3458 2699 0).

1919 2699 2168 2764 Verum
2200 2700 2580 2764 meminisse
2614 2719 2914 2788 oportet,
2960 2708 3071 2770 vix
3121 2731 3314 2775 unam
3368 2717 3462 2779 al·

1918 2812 2210 2867 teramve
2258 2805 2568 2886 Europae
2632 2803 2862 2871 urbem
2906 2829 3054 2872 sese
3114 2813 3182 2875 in
3241 2816 3460 2880 numis

1917 2904 2260 2991 scripsisse
2294 2905 2494 2984 lega»,
2540 2907 2784 2973 nullam
2822 2909 3085 2979 Ασυλον.
3175 2917 3336 2980 Cum
3372 2931 3467 2985 ta.

1919 3028 2070 3073 men
2148 3020 2427 3073 testetur
2497 3010 2929 3091 Paciaudus‚,
2974 3013 3257 3080 similem
3332 3018 3462 3083 sibi

1920 3110 2190 3175 omnino
2246 3130 2518 3173 numum
2579 3112 2736 3176 alias
2795 3131 3259 3198 conspectum,
3320 3122 3465 3204 ejus

1922 3231 2075 3276 saue
2109 3211 2236 3273 viri
2272 3212 2712 3276 testimonium
2748 3219 3060 3282 continuo
3091 3240 3222 3285 non
3268 3242 3465 3309 repu-

1921 3315 2277 3388 diabimus,
2324 3312 2599 3397 propter
2632 3329 2849 3381 tamen
2897 3322 2997 3384 rei
3043 3322 3464 3393 insolentiam

1921 3416 2183 3481 novo-is
2221 3416 2502 3478 examini
2536 3432 2709 3481 essct
2742 3418 3185 3501 subjiciendus
3207 3469 3224 3501 ‚
3271 3447 3463 3510 prae·

1923 3520 2117 3603 cipue
2163 3539 2308 3581 cum
2361 3538 2483 3599 per
2528 3532 2738 3582 totum
2787 3540 2939 3584 eum
2984 3536 3261 3588 tractum
3326 3548 3461 3591 non

1921 3634 2181 3684 constet
2213 3640 2298 3681 ex
2330 3620 2656 3693 adcuratis
2689 3622 3003 3706 catalogis
3039 3626 3311 3692 Tiberio
3345 3628 3454 3693 de-

1922 3723 2206 3785 dicatum
2243 3743 2535 3791 numum.

1920 3830 2065 3892 ΑΕ.
2109 3829 2241 3893 BR.

1951 4052 2005 4123 I
2099 4051 2177 4122 S.

1924 4246 2208 4309 nominis
2254 4246 2608 4327 pertinuit,
2675 4259 2998 4310 testantur
3061 4248 3240 4311 numi
3298 4251 3468 4315 certi

1923 4347 2355 4431 imperatorii.
2414 4350 2648 4414 Vtrum
2684 4362 2940 4411 exstent
2985 4348 3125 4434 ejus
3171 4351 3495 4434 regionis-

2224 4538 2282 4609 e)
2321 4540 2481 4597 Mon.
2513 4537 2719 4617 Pelop.
2747 4559 2813 4616 p.
2843 4546 2971 4604 160.
