4575 5850
1095 592 1243 674 1⁸20
2063 580 2589 656 BITH

1093 756 1431 825 KAHAG.
1476 752 1796 826 Observa,
1829 772 2085 815 rursum
2135 753 2263 819 hoc
2308 755 2462 820 loco
2506 755 2628 818 sibi

1098 858 1658 926 contradicentem
1711 852 2178 932 Pellerinium,
2250 858 2363 942 qui
2435 858 2626 921 aliam

1097 962 1288 1045 hujus
1339 958 1517 1021 urbis
1556 956 1959 1039 epigraphen
1997 958 2208 1020 serius
2256 978 2388 1020 non
2431 978 2629 1042 agno-

978 1118 990 1147 s
1093 1068 1225 1140 vit,
1311 1082 1504 1148 quam
1593 1053 2178 1143 HPAKAGIAC„
2237 1058 2347 1123 vel
2417 1055 2631 1119 HPA·

1091 1155 1630 1236 ΚΛΕΩΤΑΝ.,
1678 1174 1744 1221 ut
1778 1180 1926 1220 mox
1960 1159 2257 1220 diximus.
2318 1156 2639 1225 Vocabu-'

1092 1271 1231 1330 lum
1301 1262 1565 1350 quidem
1615 1256 2114 1323 HPAKAHAC
2171 1262 2237 1321 in
2281 1275 2467 1324 certo
2513 1260 2629 1323 bu..

1086 1373 1192 1453 jus
1250 1365 1428 1430 urbis
1487 1380 1684 1423 numo
1732 1363 1942 1421 musei
1987 1362 2292 1425 Caesare-i
2335 1382 2484 1424 cum
2530 1382 2631 1424 ca-

1089 1474 1230 1557 pite
1281 1463 1653 1529 caracallae
1705 1462 2126 1535 observatum
2185 1464 2438 1526 interea
2482 1460 2632 1523 Pel-

1089 1571 1310 1638 lex-inii
1353 1577 1766 1648 argumenta,
1812 1581 2043 1624 numos
2087 1563 2207 1624 hos
2252 1585 2399 1628 cum
2449 1576 2627 1625 men..

1091 1677 1269 1738 tione
1333 1679 1722 1732 neocoratus
1798 1666 1927 1729 huc
2008 1665 2383 1747 pertinere,
2455 1677 2626 1727 tanta

1090 1794 1224 1838 non
1278 1771 1573 1845 videtur,
1624 1780 1697 1830 ut
1736 1789 1866 1831 non
1925 1767 2067 1831 aliis
2107 1767 2450 1830 Heracleis
2507 1787 2628 1849 per

1098 1877 1317 1938 Asiam
1359 1871 1587 1956 positis
1621 1869 1821 1932 tribui
1854 1883 2112 1953 queant.

1183 1979 1638 2057 Mays‘stmtus,
1691 1971 2080 2053 proconsul:
2144 1965 2355 2043 ‚Eun
2396 1962 2627 2030 ΜΑΡ-

1090 2076 1308 2143 ΚΟΤ.
1351 2069 1874 2137 ΠΛΔΝΚῙΟΤ.
1906 2065 2296 2140 ΟΤΑΡΟΤ,
2341 2066 2627 2132 ΔΝΘΤ.

1097 2174 1437 2242 ΠΔΤΟΤ.
1505 2176 1573 2236 in
1626 2194 1827 2237 numo
1876 2172 2293 2257 Vespasiani,
2350 2168 2434 2234 de
2492 2191 2620 2256 quo

1099 2280 1248 2342 vide
1285 2278 1755 2363 prolegomena
1787 2274 1869 2338 ad
1905 2274 2298 2356 Bithyniam.

1096 2385 1238 2445 AF).
1283 2385 1359 2446 Β.

1412 2537 1709 2603 REGES
1753 2535 2296 2598 HERACLEAE.

1172 2673 1528 2741 Historiam
1595 2685 2014 2755 tyrannorum
2056 2670 2424 2733 Heracleae
2474 2691 2627 2736 con·

1091 2778 1355 2859 scripsit
1387 2776 1754 2847 llemnon,
1825 2792 2016 2856 quam
2089 2769 2168 2861 ad
2222 2791 2470 2835 summa
2522 2797 2625 2839 ca-

1093 2880 1226 2964 pita
1271 2873 1601 2940 redactam
1666 2876 1950 2937 servavit
2001 2873 2270 2936 Photius
2311 2876 2413 2960 ²¹),
2473 2876 2625 2940 Gal-

1060 2985 1220 3045 ·lice
1294 2977 1532 3040 deinde
1592 2972 1913 3035 redditam
1969 2973 2319 3040 illustravit
2363 2974 2623 3059 Gedoy·

1083 3104 1205 3144 nus
1252 3081 1338 3161 Υ).
1425 3080 1487 3138 Is
1541 3077 1820 3157 primum
1864 3075 2230 3139 Heracleae
2280 3090 2619 3158 tyrannum

1085 3194 1278 3246 vocat
1326 3176 1869 3244 CLEARCHVM
1923 3177 2224 3239 Isocratis
2278 3191 2345 3239 et
2394 3179 2618 3241 Plato-

1085 3284 1188 3343 nis
1217 3275 1649 3360 discipulum,
1694 3277 2033 3339 crudelem
2077 3292 2316 3353 tamen,
2368 3292 2434 3341 ct
2478 3299 2621 3340 san-

1084 3380 1472 3468 guinarium.
1552 3375 1993 3460 Tyrannidcm
2043 3378 2198 3441 adiit
2233 3391 2399 3450 teste
2449 3379 2614 3442 Dio-

1085 3486 1248 3545 doro
1300 3481 1522 3544 Siculo
1580 3481 1660 3545 V.
1705 3478 1780 3546 C,
1835 3479 2005 3561 390„
2067 3480 2322 3566 fuitque
2383 3501 2614 3564 aequa-

1083 3588 1164 3650 lis
1228 3583 1605 3649 Artaxerxis
1669 3581 2058 3644 Mnemonis.
2122 3582 2362 3648 Caesus
2426 3596 2522 3642 est
2580 3604 2614 3642 a

1081 3688 1435 3774 conjuratis
1488 3704 1658 3748 anno
1716 3682 1862 3745 ΧΠ.
1912 3682 2288 3761 tyrannidis.
2348 3685 2618 3745 Succes-

1080 3790 1165 3850 sit
1213 3789 1421 3850 frater
1465 3786 1902 3857 SATYRVS,
1964 3781 2270 3866 idemque
2305 3796 2482 3846 tutor
2536 3786 2613 3847 li.

1080 3889 1392 3951 berorum
1436 3885 1772 3956 clearchi,
1837 3882 2224 3945 crudelitate
2274 3898 2425 3947 ante
2477 3906 2613 3947 om·

1037 4008 1197 4066 &nes
1275 4002 1581 4068 tyrannos
1641 3982 1950 4058 infamis,
2022 4004 2147 4046 una
2198 3985 2399 4046 tutela
2459 4007 2608 4048 raro

1081 4089 1542 4151 sanctimoniae
1600 4087 1904 4169 exemplo
1948 4082 2125 4146 obita
2164 4083 2460 4150 illustris.
2522 4087 2607 4148 Ei

1075 4202 1225 4272 post
1288 4185 1693 4273 septennium
1753 4185 1880 4248 vita
1939 4184 2163 4249 functo
2225 4205 2605 4251 successere

1076 4304 1351 4375 nepotes
1401 4309 1485 4351 ex
1532 4288 1760 4351 fratre.

1297 4587 1362 4658 ι)
1402 4581 1557 4644 esd.
1585 4589 1708 4649 224.

1881 4584 1941 4659 y)
1971 4585 2036 4641 B.
2070 4580 2134 4641 i..
2164 4584 2337 4641 Mem.
2354 4584 2422 4641 T.
2438 4583 2596 4647 xlv.
2615 4606 2677 4662 p.
2696 4591 2821 4648 279.

2689 582 3247 661 YNIA.

2890 760 3406 827 TIMOTHEVS
3452 772 3517 823 ee
3553 763 4067 849 DIONYSIVS,

2788 857 3173 919 Timotheus
3206 856 3435 921 -fratre
3484 861 3806 943 Dionysio
3849 866 3913 927 in
3960 869 4239 948 tyranni·

2702 957 2802 1018 dis
2865 960 3221 1043 collegium
3295 959 3581 1037 adscito,
3656 984 3885 1050 magna
3954 968 4240 1031 humani·

2702 1057 2846 1119 tatis
2908 1079 2982 1122 ac
3063 1060 3451 1144 prudentiae
3514 1062 3713 1125 laude
3773 1085 3982 1151 remp.
4043 1069 4238 1132 admi·

2699 1160 3016 1239 nistravit.
3104 1162 3307 1223 Annis
3363 1163 3504 1228 XV.
3574 1166 3938 1228 secundum
3993 1170 4235 1234 Diodo-

2699 1280 2844 1321 rum
2890 1263 2956 1323 in
2998 1250 3280 1343 imperio
3312 1264 3558 1327 exactis
3591 1265 3766 1329 inter
3795 1266 4131 1347 publicum
4165 1293 4236 1337 ac

2702 1359 3034 1422 sincerum
3077 1382 3342 1427 suorum
3376 1365 3623 1427 luctum
3656 1366 3862 1429 elatus
3893 1382 4012 1431 est.

2788 1460 3117 1525 Successit
3157 1466 3366 1527 frater
3400 1452 3912 1547 ‘DIONYslvs‚
3970 1473 4082 1551 qni
4130 1493 4234 1556 pe·

2697 1561 2941 1638 ricula,
3010 1582 3175 1648 quae
3233 1566 3357 1628 sibi
3420 1567 3502 1629 ab
3550 1568 3925 1633 Alexandro
3964 1576 4060 1638 M.
4110 1575 4234 1638 vic-

2697 1662 2780 1722 tis
2825 1664 3048 1725 Persis
3108 1665 3300 1727 Asiae
3357 1667 3756 1751 imperante,
3802 1691 4017 1753 eoque
4062 1693 4233 1736 mor-

2698 1774 2811 1823 tuo
2879 1763 2960 1825 ab
3024 1765 3164 1845 ejus
3215 1764 3491 1851 ducibus
3546 1767 4057 1853 impendebant,
4088 1795 4234 1856 pru·

2701 1863 2921 1929 dentia
2952 1885 3030 1929 ac
3056 1867 3405 1951 sagacitate
3434 1869 3654 1938 clusit.
3736 1871 3950 1934 Ducta
3989 1872 4229 1936 deinde

2698 1985 2906 2028 uxore
2961 1969 3287 2031 Amasti-ie
3347 1990 3429 2031 ex
3478 1971 3746 2033 Persiae
3798 1990 4032 2054 regum
4096 1996 4232 2036 san·

2698 2067 2930 2147 guina,
3018 2067 3101 2129 de
3193 2089 3317 2151 qua
3397 2068 3600 2144 infra,
3690 2074 3937 2154 amplas
4002 2088 4226 2137 nactus

2697 2185 2891 2249 opes,
2941 2182 3008 2231 et
3054 2188 3293 2231 nomen
3329 2167 3648 2234 illustrius
3692 2174 3918 2253 paullo
3962 2188 4118 2258 post
4164 2178 4227 2238 in

2693 2286 2935 2329 nomen
2993 2289 3256 2355 quoque
3311 2271 3566 2353 regium
3619 2270 3893 2352 invasit,
3967 2287 4039 2337 et
4079 2295 4227 2338 con-

2694 2369 2913 2435 ciliata
2959 2368 3085 2431 sibi
3131 2370 3365 2434 ducum
3413 2373 3769 2447 Alexandri
3816 2374 4100 2439 amicitia
4130 2379 4224 2443 sai

2693 2467 2822 2551 jam
2869 2489 3183 2545 securus,
3218 2486 3433 2553 empta
3479 2472 3764 2555 pretiosa
3796 2475 4101 2557 Dionysii
4138 2480 4217 2540 Π.
4346 2544 4361 2559 ,

2696 2568 3086 2650 Syracusani
3134 2569 3581 2653 supellectile,
3635 2594 3828 2654 quem
3878 2579 3981 2639 sui
4017 2592 4219 2659 tyran-

2694 2670 2849 2733 nide
2929 2668 3342 2751 dejecerant,
3405 2671 3624 2753 coepit
3680 2674 4216 2757 magnificentiam
4286 2709 4291 2713 ·

2695 2783 2763 2832 et
2806 2771 3146 2834 mollitiem
3208 2771 3414 2855 regiis
3473 2773 3647 2835 curis
3694 2772 4063 2855 anteferre,
4105 2783 4218 2841 sed

2695 2885 2878 2938 aucta
2919 2873 3094 2937 inter
3132 2870 3296 2935 haec
3331 2893 3523 2958 supra
3556 2893 3746 2956 quam
3788 2878 3973 2941 credi
4004 2893 4218 2963 potest
4336 2894 4341 2899 ’

2693 2976 2992 3059 corporis
3046 2976 3469 3059 pinguedine,
3545 2995 3691 3038 cum
3755 3000 3957 3042 annos
4000 2981 4213 3043 XXX.

2692 3094 2924 3158 magna
2971 3075 3435 3139 moderationis
3487 3077 3681 3139 laude
3709 3095 4084 3162 regnasset,
4116 3102 4215 3142 re·

2688 3178 2863 3241 lictis
2912 3195 2995 3240 ex
3040 3179 3363 3240 Amastrie
3413 3175 3679 3256 liberis,
3721 3181 3803 3242 de
3845 3180 4080 3263 quibus
4124 3183 4212 3244 in-

2685 3277 2808 3356 fra,
2843 3278 3145 3342 decessit.
3192 3279 3296 3341 De
3324 3278 3606 3341 hominis
3640 3300 3784 3343 sera
3812 3283 4205 3347 incontinen-

2687 3377 2810 3454 tia,
2847 3391 2913 3444 et
2948 3376 3291 3442 abdomine
3327 3377 3473 3444 vide
3507 3380 3830 3462 elegantia
3860 3369 4000 3447 'duo
4046 3401 4211 3448 vete·

2685 3501 2830 3541 rum
2867 3480 3331 3563 epigrammata
3361 3484 3446 3565 Ζ).

3268 3641 3648 3701 Numi.-

2771 3791 2973 3864 Caput
3023 3791 3384 3865 Apollinis,
3446 3803 3520 3854 ut
3568 3796 3725 3856 aliis
3768 3797 4009 3867 visum,
4055 3799 4206 3857 Bac·

2680 3888 2804 3950 chi.
2850 3882 2898 3944 x
2927 3883 3442 3953 ΤΙΜΟΘΕΟΤ.
3482 3887 4024 3968 ΔΙΟΝΤΣΙΟΤ.
4057 3899 4206 3959 Her-

2681 3988 2853 4046 cules
2885 3998 3065 4049 stam
3097 3993 3272 4052 elata
3300 3996 3489 4054 clava
3522 4005 3847 4073 tropaeum
3860 3997 4204 4060 constituit.

2681 4089 2818 4153 AR.
2851 4086 2967 4152 111.
2997 4089 3251 4171 (Haym.
3287 4093 3630 4169 Pellerin.)

2765 4192 2967 4268 Caput
3021 4193 3260 4253 Bacchi
3308 4196 3539 4255 hedera
3581 4205 3956 4257 coronatum
3972 4239 3991 4271 ,
4043 4211 4199 4261 retro

2677 4294 2947 4370 thyrsus.
3003 4285 3051 4347 ae
3087 4285 3624 4362 ΔΙΟΝΥΣΙΟΤ.
3670 4298 3978 4358 Hercules
4030 4309 4199 4360 stam

2994 4582 3049 4657 z)
3068 4584 3339 4644 Analect.
3355 4587 3612 4646 Brund.
3629 4588 3699 4646 T.
3715 4587 3786 4646 11.
3809 4608 3873 4666 p·
3893 4597 3983 4654 72.
4000 4603 4061 4650 et
4072 4595 4196 4654 434.
