4575 5850
1363 623 2390 703 MACEDONIA.
2673 630 2678 639 ·
2847 584 2858 593 “
3082 704 3092 718 ,
3402 650 3493 714 at

692 798 753 857 T
784 798 841 858 R
885 797 952 857 A
989 799 1049 859 Ε
1090 798 1145 859 L
1183 794 1230 859 Ῑ
1271 795 1333 858 V
1369 798 1455 859 M.

407 895 677 957 Exstant
708 894 997 957 numuli:
1122 904 1133 913 '

415 1006 617 1085 Caput
664 1000 973 1060 Mercurii
1008 1009 1237 1076 petaso
1293 1008 1541 1064 tectum.
1577 996 1625 1058 ae
1669 994 1854 1059 PAI-

330 1092 637 1163 AITNO.
682 1099 1108 1175 Balaustium.
1151 1100 1293 1162 ΔΕ.
1342 1103 1455 1165 111.
1508 1100 1853 1178 (Pellerin,

338 1211 396 1261 et
422 1198 678 1260 Hunter
712 1198 781 1259 in
822 1198 1036 1259 numis
1069 1198 1340 1278 Rhodi.)

407 1296 661 1361 Primus
747 1297 1147 1362 Pelleriuius
1230 1320 1499 1364 numum
1573 1302 1857 1365 similem

335 1398 665 1475 Rhodum,
728 1401 971 1485 quippe
1032 1421 1221 1465 causa
1284 1401 1621 1478 balausffi,
1665 1422 1859 1481 veca-

335 1501 465 1575 vit‚
529 1500 713 1584 cnjus
774 1502 1014 1565 deinde
1068 1502 1387 1585 judicium
1446 1516 1708 1566 secutus
1760 1517 1861 1566 est

341 1614 549 1665 auctor
589 1605 802 1667 musei
843 1604 1260 1669 Hunteriani.
1315 1605 1603 1667 Dubium
1648 1605 1855 1670 movit

346 1702 422 1765 cl.
457 1702 891 1787 Cousineryus
935 1707 1215 1769 nationis
1248 1705 1538 1770 Gallicae
1577 1708 1853 1769 Thessa·

341 1802 576 1866 lonicae
603 1820 1028 1885 procurator,
1075 1809 1185 1892 qui
1223 1807 1385 1871 datis
1425 1808 1507 1870 ad
1546 1828 1652 1870 me
1707 1809 1853 1872 lite·

1927 798 1997 861 id
2079 817 2285 882 genus
2361 798 2570 865 numi.
2602 798 2671 862 in
2727 798 3000 865 incertis
3057 798 3328 885 putandi
3383 801 3477 865 vi·-

1928 900 2186 965 dentur.

2218 1059 3168 1123 VRANOPOLIS.

2013 1200 2086 1257 In
2148 1195 2483 1259 cacumine
2544 1197 2783 1260 montis
2839 1196 3048 1259 Athus
3105 1209 3276 1260 teste
3333 1198 3467 1260 Pli-

1927 1296 2040 1359 nio
2083 1296 2175 1377 εὅ),
2224 1295 2408 1377 cujus
2453 1295 2858 1360 conditorem
2898 1299 3272 1362 Athenaeus
3315 1320 3469 1384 pro·

1931 1393 2026 1456 dit
2061 1396 2499 1459 Alexandrum
2541 1398 2885 1462 Cassandri
2918 1399 3189 1462 fratrem
3234 1403 3303 1475 ²),
3336 1403 3471 1485 qui,

1932 1496 2109 1580 quod
2155 1496 2408 1577 norim,
2454 1501 2580 1563 soli
2619 1499 2811 1583 hujus
2854 1500 3034 1563 urhis
3080 1501 3464 1566 meminere.

2517 1667 2890 1728 Autonomn‘.

2007 1793 2522 1870 οΤΡΑΝῙΑΣ.
2593 1799 3033 1868 ΠΟΛΕΩΣ.
3081 1784 3322 1868 Mulier*
3355 1827 3464 1867 ca-

340 1905 455 1981 ris,-
508 1908 837 1991 missoque
881 1908 1187 1972 similium
1233 1930 1581 1973 numm-um
1631 1930 1851 1974 exem·
1916 1906 2053 1981 pite
2108 1907 2384 1965 tutulato
2427 1908 2621 1986 qlobo
2670 1910 2957 1970 insidens
3006 1911 3066 1968 d.
3104 1911 3375 1971 hastam.
3415 1903 3464 1963 ae

342 2004 496 2087 plari
535 2028 665 2071 uno
703 2012 974 2074 testatus
1018 2024 1153 2087 est,
1201 2029 1431 2085 eorum
1479 2014 1856 2096 complures

340 2118 620 2188 repertos
660 2109 842 2191 juxta
882 2111 1342 2196 Amphipolin,
1401 2128 1692 2177 ceterum
1726 2135 1857 2175 non

344 2208 454 2271 sibi
484 2225 781 2273 constare
817 2209 899 2275 de
937 2213 1100 2274 urhe
1144 2213 1373 2276 adfinis
1416 2217 1699 2278 nominis
1736 2234 1860 2299 per

344 2307 501 2372 hunc
550 2323 867 2388 tractum,
913 2314 1025 2376 cui
1088 2315 1270 2375 numi
1326 2314 1397 2375 hi
1456 2316 1656 2380 tribui
1694 2329 1863 2400 'pos-

346 2422 491 2470 sent.
544 2414 723 2475 Istud
771 2414 982 2498 ipsum
1019 2435 1168 2478 cum
1196 2438 1232 2479 a
1269 2418 1671 2498 Cousineryo
1709 2418 1862 2482 edo·

348 2524 591 2574 seretur
648 2513 846 2577 abhas
894 2516 1229 2595 Sestinus,
1284 2519 1377 2582 sic
1423 2519 1687 2581 statuit:
1728 2519 1861 2602 epi·

346 2614 616 2695 graphen
672 2617 855 2676 numi
912 2637 1044 2680 non
1090 2636 1235 2681 esse
1280 2620 1626 2706 legendam
1674 2616 1858 2679 PAI-

345 2705 661 2791 AITNO,
728 2715 846 2778 sed
923 2714 1404 2787 TPAIAION.
1492 2723 1636 2784 Jam
1692 2711 1864 2783 vero*

349 2798 740 2878 ‹l'Anvillium
844 2818 1026 2902 juxta
1109 2820 1535 2906 Amphipolin
1622 2821 1859 2884 consti·

347 2915 529 2979 tuisse
584 2918 899 3004 oppidum
963 2923 1276 2986 Triullum
1308 2969 1325 3000 ,
1384 2921 1563 3008 quod
1616 2941 1857 2983 nomen

349 3033 478 3077 cum
530 3023 680 3082 satis
723 3018 937 3094 adfine
984 3022 1066 3086 sit
1105 3022 1356 3086 nomini
1405 3019 1858 3083 TPAIAION

346 3118 407 3178 in
456 3140 650 3182 numo
708 3141 1061 3205 expresso,
1104 3124 1318 3190 videri
1361 3144 1483 3208 pro
1530 3122 1858 3185 Triullnm

349 3218 529 3280 scribi
571 3237 880 3303 oportere
930 3229 1252 3288 stadium
1277 3269 1295 3302 ,
1340 3224 1450 3288 vel
1500 3226 1857 3297 Traillium,

351 3316 578 3404 hosque
648 3344 883 3386 numos
956 3323 1111 3404 huie
1179 3323 1587 3388 tribuendos.
1673 3322 1857 3385 Haec

352 3416 454 3481 ille
494 3428 565 3498 ἲ).
626 3424 808 3515 Quas
851 3446 1077 3490 causas
1122 3426 1236 3510 qui
1276 3425 1545 3490 idoneas
1590 3423 1860 3487 arbitra-

352 3518 543 3599 bitur,
584 3524 639 3585 is
682 3526 805 3588 sihi
847 3528 1568 3611 persuadeabquoque,
1602 3525 1858 3589 stetisse

352 3618 411 3680 in
462 3622 581 3687 hoc
637 3639 849 3690 tractu
907 3627 1138 3690 urbem
1210 3627 1445 3691 dictam
1509 3629 1858 3702 OE‘riullum,

338 3726 660 3788 ⁴veteribus
723 3728 1023 3791 omnibns
1085 3730 1414 3814 ignotam,
1477 3729 1532 3790 si
1575 3729 1889 3791 tabulam,

358 3819 895 3911 Peutingerianam
958 3828 1227 3906 demas,
1289 3851 1647 3914 numosque
1693 3831 1859 3894 adeo

360 3921 576 3988 similes
620 3929 773 3992 huic
818 3929 1219 3995 tribuendos.
1275 3931 1455 3997 Idem
1502 3932 1603 3995 vir
1645 3930 1861 3995 erudi-

364 4034 450 4083 tus
501 4029 683 4092 etiam
740 4052 977 4095 numos
1032 4030 1382 4115 inscriptos
1443 4035 1672 4096 TRIA.
1732 4035 1859 4095 huc

364 4124 580 4204 refert,
622 4130 706 4193 de
764 4132 999 4216 quihus
1043 4135 1296 4216 egimus
1339 4135 1404 4195 in
1450 4136 1663 4198 numis
1709 4136 1863 4198 Ser·

371 4222 527 4289 aicae
598 4233 935 4298 Thraciae.
1023 4235 1189 4296 Mihi
1242 4235 1555 4303 hactenus
1636 4256 1864 4301 omnes

1928 2007 2089 2066 Sine
2117 2007 2479 2085 epz'yraplte.
2518 2008 2799 2068 Astmm.
2843 2008 2983 2072 ΑΕ.
3017 2009 3130 2072 111.

1932 2099 1939 2103 ’
2013 2107 2299 2167 Numum
2349 2105 2847 2187 integerrimum
2897 2109 3074 2170 edidi
3126 2127 3208 2170 ex
3239 2128 3464 2170 museo

1929 2203 2029 2269 ill.
2092 2207 2276 2270 Com.
2337 2207 2556 2273 Vitzai
2600 2211 2686 2289 u).
2775 2211 2930 2293 Ejus
2988 2209 3268 2271 similem
3337 2208 3467 2290 jam

1931 2305 2210 2395 protulit
2261 2307 2695 2386 Pellerinius,
2754 2313 2870 2372 sed
2933 2331 3080 2373 cum
3126 2311 3191 2372 in
3238 2332 3321 2375 eo
3367 2314 3472 2376 'l‘e-

1935 2427 2095 2490 gere
2140 2408 2266 2470 sibi
2309 2410 2648 2474 videretur
2675 2408 3111 2488 ΛΟΚΡΩΝ,
3137 2433 3288 2476 eum
3321 2433 3476 2497 per-.

1930 2528 2160 2594 peram
2200 2494 2440 2573 IJocris
2488 2509 2725 2575 Ozolis
2766 2512 3176 2594 adjudicavit.
3237 2515 3476 2575 Mulie·

1932 2630 2073 2674 rem
2132 2611 2335 2694 partis
2396 2612 2643 2678 auticae
2708 2614 3009 2697 conjecto
3068 2634 3213 2677 esse
3254 2612 3473 2684 'Vene-
3547 2632 3552 2636 ·

1932 2733 2074 2777 rem
2131 2713 2439 2781 Vraniam
2474 2758 2491 2790 ,
2550 2737 2586 2778 a
2647 2734 2773 2797 qua
2827 2715 3089 2780 videtur
3149 2716 3298 2779 urbi
3355 2735 3473 2779 no·

1930 2836 2082 2879 men
2124 2815 2440 2891 inditum,
2484 2814 2567 2879 de
2612 2836 2743 2901 quo
2782 2806 2974 2900 plura
3005 2816 3287 2881 disserui
3311 2816 3465 2880 loco

1928 2916 2211 2981 laudato.
2266 2918 2462 2995 Dixi,
2508 2917 2704 2981 etiam
2748 2931 2992 2981 astrum
3036 2921 3237 3006 partis
3284 2938 3475 3006 aver·

1931 3038 2039 3081 sae
2120 3019 2205 3081 ad
2272 3020 2549 3083 eandem
2624 3020 2930 3088 Vraniam
3018 3019 3464 3094 referendum,

1930 3120 2109 3204 quod
2167 3121 2360 3183 etiam
2423 3118 2766 3183 confirmat
2810 3121 3256 3197 Sozomenus‚
3319 3141 3468 3184 cum

1929 3234 2151 3286 narrat
2190 3223 2255 3304 1)
2289 3265 2306 3296 ‚
2365 3222 2433 3283 in
2493 3221 2777 3305 Aphacis
2837 3235 3022 3287 certo
3078 3223 3185 3287 die
3242 3224 3463 3308 ignem

1928 3341 2052 3406 per
2138 3322 2453 3409 quandam
2543 3322 3017 3387 invocationem
3097 3345 3135 3385 e
3212 3324 3466 3387 vertice

1931 3424 2170 3485 montis
2204 3424 2437 3486 Libani
2482 3426 2941 3489 decurrentem
2984 3426 3190 3486 instar
3231 3424 3463 3486 stellae

1930 3524 1997 3586 in
2062 3523 2344 3588 ricinum
2407 3546 2662 3589 amnem
2722 3545 2868 3590 sese
2912 3525 3349 3614 immersisse,
3396 3542 3464 3588 et

1931 3626 2104 3688 hunc
2164 3626 2383 3709 ignem
2446 3626 2707 3711 ajehant
2768 3645 2913 3689 esse
2971 3625 3315 3701 Vraniam,
3377 3627 3464 3687 ita

1932 3728 2107 3791 enim
2165 3729 2291 3811 ipsi
2350 3731 2681 3808 Venerem
2744 3729 3096 3813 appellant.
3157 3729 3466 3789 Ceterum

1928 3827 2077 3892 fieri
2144 3844 2435 3914 poterat,
2493 3843 2566 3893 ut
2626 3828 2782 3891 urbs
2839 3847 2961 3912 per
3016 3828 3210 3890 situm
3271 3829 3464 3890 coelo

1929 3929 2188 3994 admota
2262 3930 2656 4016 Vranopolis
2736 3952 2772 3993 a
2857 3928 3197 4017 conditore
3283 3945 3470 3990 vocar

1929 4045 2136 4096 retur.
3325 4052 3338 4058 ’

1932 4138 2080 4198 ΑΕ.
2123 4137 2307 4199 RRR.

568 4546 1140 4628 ’)Letterep.12³.
1247 4549 1299 4620 ⁸)
1332 4545 1401 4609 1..
1428 4547 1536 4611 Ν.
1564 4569 1617 4612 c.
1647 4560 1738 4613 10.
1849 4535 2358 4628 t)1..m.p.931
2464 4548 2983 4625 u)Num.vet;p.
3020 4557 3112 4611 το.
3213 4542 3463 4617 ι);Ηῑει.

3007 4734 3072 4793 2..
