4575 5850
1020 710 1827 818 REGES·PONT1
1881 743 2029 817 ET
2077 740 2607 821 Bosronl.

255 929 410 977 meu
436 910 506 975 in
540 914 793 977 &iussa
832 910 1163 978 detortum
1197 912 1471 979 obtinet.
1528 912 1795 979 Dictum
2066 913 2634 977 PAEBISADES
2656 913 2716 974 1.
2761 929 2879 979 rea:
2921 911 3214 989 Bospori.

255 1019 577 1094 Bosporus
626 1034 663 1077 a
710 1011 884 1077 freto
939 1013 1235 1097 ejusdem
1282 1013 1604 1092 nominis,
1677 1017 1797 1079 ho·
1950 1016 2240 1096 Propter
2288 1010 2628 1097 praeclara
2669 1010 2738 1072 in
2792 1029 3002 1095 remp.
3069 1014 3304 1079 merita
3372 1037 3412 1081 a

255 1111 365 1177 die
419 1117 635 1194 (luffa,
695 1115 874 1200 quod
912 1115 1398 1180 Pontum‘cum'
1456 1116 1788 1179 Maeotide
1863 1115 1998 1201 suis
2065 1130 2213 1198 post
2268 1126 2548 1177 mortem
2601 1132 2724 1194 pro
2775 1109 2905 1174 deo
2969 1112 3185 1175 cultus
3238 1129 3407 1180 teste

252 1214 632 1297 cunjungit,
677 1227 746 1279 et
772 1236 1051 1299 regnum
1087 1216 1300 1301 ipsum
1332 1214 1397 1277 in
1433 1215 1593 1278 duas
1641 1238 1787 1298 par·
1861 1215 2207 1281 Strabone.
2251 1214 2577 1301 Regnavit
2605 1210 2758 1276 inde
2790 1211 2969 1282 ahV.
3001 1214 3075 1280 C.
3109 1218 3257 1292 405.
3302 1236 3407 1281 us-

253 1328 360 1379 tos
425 1328 642 1391 secat,
730 1337 1001 1401 quarum
1066 1337 1191 1380 una
1254 1317 1636 1401 Europaeo,
1727 1336 1798 1385 et
1842 1299 2006 1400 'que
2038 1323 2189 1391 443.
2276 1315 2450 1385 Vide
2477 1314 2779 1379 Bozium.

249 1417 392 1499 ipss
422 1415 767 1500 peninsula
816 1428 950 1491 est,
1009 1414 1199 1499 cujus
1253 1432 1447 1499 caput
1505 1420 1797 1484 Pantica·
2343 1414 2350 1421 ’
2439 1421 2508 1480 Ν
2534 1437 2579 1478 u
2614 1437 2678 1477 m
2710 1435 2835 1480 us.

258 1534 531 1596 paeon,
573 1515 781 1578 altera
828 1518 1145 1591 Asiatica,
1180 1518 1364 1601 cujus
1396 1533 1588 1604 caput
1629 1521 1795 1584 Pha·
1954 1520 2161 1598 Caput
2185 1520 2360 1599 regis
2388 1520 2842 1579 diadematum.
2929 1510 2978 1573 Ξ
3021 1510 3403 1582 ΒΑΣΙΛΕ·

3255 737 3396 817 ³61

255 1618 553 1698 angoris.
660 1616 821 1680 Inde
879 1639 916 1680 a
962 1619 1160 1681 tertio
1228 1618 1407 1682 urbis
1488 1618 1790 1686 conditae
1826 1622 1839 1639 ⁰
1866 1609 2041 1680 ΩΣ.
2081 1610 2699 1680 ΠΑΙΡΙΣΑΔΟΤ.
2797 1621 3024 1682 Pallas
3071 1625 3296 1684 sedens
3337 1628 3399 1684 d.

252 1718 520 1781 saeculo
584 1716 957 1802 Bosporum
1013 1738 1165 1782 suos
1225 1718 1353 1782 hah
1368 1719 1539 1783 uisse
1600 1742 1796 1804 reges
1875 1722 2332 1793 Victor-ialam,
2373 1740 2428 1782 s.
2458 1723 2676 1800 clypeo
2719 1720 2996 1796 innixa,
3060 1725 3238 1785 intra
3288 1727 3409 1786 sel-

252 1831 548 1894 constst,
593 1836 842 1903 eosque
873 1818 1141 1882 durasse
1172 1806 1378 1903 usque
1411 1821 1479 1881 in
1500 1833 1795 1907 tempora
1867 1824 1974 1883 lae
1996 1823 2220 1900 fidem
2260 1839 2743 1900 monogramma
2771 1813 3113 1899 nmina,
3162 1823 3235 1883 s‘n
3276 1826 3404 1887 imo

260 1918 675 1982 Constantini
706 1921 836 1996 M„
881 1919 1064 1982 numi
1092 1919 1305 2004 palam
1337 1918 1599 2001 docent,
1633 1943 1796 2006 quo·
1864 1924 2126 1985 tridens.
2183 1918 2327 1983 AV.
2386 1922 2603 1993 (Bone
2655 1938 2737 1982 ex
2783 1938 2950 1982 mus.
3004 1940 3146 2002 reg.
3197 1920 3403 2005 Gau.)

251 2039 466 2104 usque
502 2019 671 2082 nulli
699 2038 933 2103 regum
965 2032 1262 2085 veterum
1303 2021 1580 2085 aliorum
1612 2025 1792 2086 numi
1867 2021 2166 2084 Similem
2207 2020 2406 2083 alium
2451 2038 2523 2080 se
2555 2017 2801 2083 vidisse
2837 2018 3269 2086 Vindobonae
3314 2036 3410 2087 te-

248 2121 722 2206 porrignutur‚
767 2121 822 2182 si
852 2120 1028 2186 forte
1074 2142 1308 2186 numos
1354 2144 1588 2209 regum
1637 2128 1794 2191 Per·

253 2222 391 2285 siae
432 2221 878 2285 Ssssnidarnm
907 2220 1154 2297 demas,
1195 2221 1314 2284 sed
1342 2245 1617 2310 quorum
1652 2249 1796 2292 cer.

251 2335 322 2385 ta
354 2336 535 2387 aetas
563 2320 681 2407 figi
709 2324 970 2408 nequit,
1030 2344 1180 2388 cnm
1229 2326 1402 2388 notis
1445 2327 1794 2393 chronolo-

254 2424 423 2507 gicis
458 2424 914 2490 destituentur.
1169 2502 1177 2513 ³
1244 2479 1265 2493 .
1622 2430 1625 2435 ’

338 2526 869 2608 Bosporanorum
903 2545 1134 2609 regum
1169 2524 1349 2587 numi
1366 2526 1529 2593 haec
1547 2529 1791 2595 habent

254 2623 385 2688 sihi
416 2625 716 2711 propria,
762 2625 816 2693 I.
855 2628 1030 2711 quod
1060 2628 1416 2711 epocham,
1458 2646 1569 2695 aut
1607 2633 1817 2714 regis»

263 2726 369 2787 sui
415 2746 621 2790 snnos
661 2724 965 2812 plerique
1009 2728 1406 2807 inscribunt,
1473 2735 1557 2798 11.
1610 2734 1789 2818 quod

254 2847 454 2911 saepe
481 2829 687 2893 slters
720 2840 904 2911 parte
937 2828 1350 2913 imperatoris
1379 2832 1463 2899 R,
1494 2831 1787 2917 effigiem

258 2929 529 3004 sistunt,
575 2948 740 3013 quse
767 2930 996 3015 primis
1029 2928 1282 2993 duobus
1311 2931 1562 2997 Romae
1589 2935 1796 3018 impe-

254 3032 462 3094 rantis
528 3030 839 3108 saeculis,
912 3032 1170 3118 quando
1252 3044 1425 3097 artes
1500 3025 1792 3098 nondum

257 3133 458 3219 plane
522 3133 852 3216 collapsae
910 3130 1138 3209 fuere,
1219 3132 1373 3196 satis
1443 3136 1791 3199 commode

254 3235 690 3306 discernitur,
748 3234 1059 3316 deinceps
1116 3252 1279 3296 vero
1331 3235 1439 3299 vix
1504 3234 1792 3302 discerni

251 3349 510 3422 potest,
554 3333 679 3398 nisi
707 3354 854 3398 cum
885 3354 1088 3398 annus
1125 3332 1422 3418 epochae
1461 3338 1791 3421 suppetias

255 3439 462 3513 venit,
510 3457 657 3499 nam
687 3436 1154 3519 imperatorum
1174 3436 1434 3500 nomine
1468 3434 1794 3523 adscripta

247 3559 382 3602 non
432 3550 614 3612 sunt,
662 3536 775 3597 111.
817 3537 995 3620 quod
1037 3557 1271 3600 numos
1321 3556 1553 3600 eorum
1591 3538 1795 3602 habe-

253 3660 400 3703 mus
450 3657 721 3713 aureos,
786 3649 1137 3720 argenteos
1172 3683 1190 3717 ,
1247 3652 1315 3701 et
1378 3658 1659 3714 aeneos,
1722 3652 1790 3702 et

249 3759 490 3801 aureos
529 3736 788 3820 quidem
823 3758 1059 3821 magno
1091 3758 1400 3815 numero,
1447 3752 1514 3802 et
1548 3758 1631 3802 ex
1646 3739 1789 3804 suri

255 3860 550 3924 genere,
610 3840 785 3922 quod
829 3839 1151 3903 electrum
1207 3840 1436 3905 dixere
1500 3853 1827 3918 veteres,-

249 3938 535 4002 admixta
567 3959 804 4026 nempe
839 3933 1097 4026 argenti
1130 3942 1469 4024 portione,
1527 3942 1610 4006 de
1655 3964 1785 4029 quo

251 4040 512 4124 egimus
544 4033 718 4102 alibi.
768 4087 777 4094 .

204 4183 219 4193 -
335 4142 623 4220 Primam
650 4159 884 4227 regum
925 4141 1197 4227 stirpem
1231 4142 1434 4208 fuisse
1464 4142 1791 4218 Archaea·
1820 4179 1829 4184 -

793 4241 990 4305 docet
1066 4243 1402 4307 Diodorus
1491 4244 1787 4319 Siculus,
1826 4303 1829 4304 a

251 4242 655 4307 nactidarnm
686 4287 705 4321 ,

246 4362 417 4427 quae
480 4343 701 4428 coepit:
764 4345 846 4410 V.
907 4342 984 4409 C.
1044 4345 1190 4422 267.
1248 4358 1316 4408 et
1360 4343 1598 4408 desivit
1641 4347 1785 4430 3⁰9·

245 4442 564 4520 Alterius,
610 4462 777 4530 quae
824 4445 1164 4522 successit,
1210 4459 1403 4529 caput
1442 4446 1567 4509 fnit
1601 4448 1794 4532 Spar·

108 4585 121 4592 -
246 4561 429 4608 tacns
462 4547 513 4609 1.
597 4539 792 4608 Hunc
844 4546 1282 4632 postpliquot
1329 4567 1413 4610 ex
1464 4567 1543 4613 ea
1594 4560 1791 4631 gente

239 4645 618 4728 principes,
674 4666 838 4731 quos
885 4645 1040 4711 vide
1102 4646 1273 4730 apud
1347 4648 1443 4711 Cl.
1511 4649 1791 4714 Bozium

246 4747 517 4829 excepit
1410 4765 1419 4774 ·

320 4854 501 4926 (Vol.
549 4855 678 4931 HJ

1864 2135 2071 2187 statur
2098 2120 2537 2185 Froelichius.
2582 2120 2760 2197 (Not.
2791 2119 2987 2186 elem.
3017 2144 3080 2207 p.
3118 2123 3292 2206 154.)

1952 2226 2028 2285 ln
2086 2224 2432 2307 praeclaro
2484 2219 2614 2285 hoc
2672 2241 2873 2284 numo
2944 2243 3097 2307 pars
3172 2243 3403 2289 averse

1864 2321 2030 2386 adeo
2075 2324 2306 2385 similis
2351 2335 2452 2384 est
2494 2322 2664 2406 parti
2706 2343 3009 2399 aversae,
3091 2344 3257 2405 quae
3300 2337 3401 2388 est

1862 2426 1931 2487 in
1976 2424 2190 2487 numis
2237 2422 2616 2505 Lysimachi
2683 2425 2867 2509 regis
2912 2405 3270 2503 Thraciae,
3329 2438 3403 2487 ut
3527 2480 3536 2487 „

1862 2526 1987 2589 nisi
2044 2523 2412 2608 Bosporani
2469 2525 2651 2606 regis
2711 2523 3096 2609 inscriptum
3157 2545 3399 2589 nomen

1860 2627 2239 2711 legeretur,
2302 2644 2454 2688 eum
2512 2623 2699 2688 nullo
2757 2626 2967 2687 erotis
3029 2627 3234 2688 metu*
3282 2646 3398 2689 nu-

1860 2748 2033 2789 mum
2104 2726 2458 2790 Thracium
2534 2726 2817 2791 diceres.
2917 2725 3183 2788 Etenim
3255 2746 3392 2789 non

1858 2828 2059 2892 modo
2145 2826 2479 2910 conspirat
2564 2828 2950 2904 metellum,
3054 2841 3122 2890 et
3207 2843 3397 2912 typus

1865 2931 2174 3014 princeps
2217 2928 2540 3006 Palladis,
2585 2930 2704 2992 sed
2765 2930 2962 2996 etiem
3018 2929 3248 2993 modus
3302 2931 3400 2992 in·

1866 3023 2272 3114 scriptionis,
2377 3030 2665 3109 tridens,
2754 3046 2822 3097 et
2908 3050 3400 3113 monogramme

1864 3132 2140 3194 eandem
2184 3132 2251 3193 in
2297 3133 2425 3197 hoc
2471 3153 2733 3218 quoque
2790 3153 2990 3196 numo
3054 3135 3398 3196 stationem

1865 3252 2207 3317 occupans.
2314 3236 2389 3294 In
2447 3234 2661 3298 numis
2725 3232 3102 3318 Lysimachi
3160 3234 3396 3300 eodem

1865 3331 2053 3409 loco,
2140 3334 2563 3398 observamus
2648 3339 2861 3400 varias
2933 3333 3189 3412 literas,
3261 3338 3402 3417 ple·

1867 3450 2149 3515 rumque
2193 3428 2351 3502 BT.
2412 3433 2635 3502 ΚΑΛ.
2707 3433 2827 3500 1Σ.
2903 3436 3084 3510 ΤΟ.,
3163 3434 3397 3516 quihus
3505 3455 3510 3460 ·

1870 3533 2230 3595 verisimile
2302 3535 2583 3598 diximus
2643 3534 2923 3599 indicari
2988 3541 3396 3616 Byzantium,

1869 3638 2322 3697 chalcedonem
2339 3677 2359 3708 ,
2417 3639 2653 3698 Istrum
2669 3681 2687 3712 ,
2766 3641 3097 3717 Topimm,
3166 3638 3400 3720 quihus

1863 3735 1930 3796 in
1966 3734 2223 3816 oppidis
2256 3732 2326 3796 hi
2344 3749 2567 3799 essent
2590 3737 2771 3799 numi
2788 3738 2946 3800 cusi.
3034 3739 3137 3800 Ex
3168 3738 3399 3801 eadem

1859 3854 2024 3919 ergo
2055 3836 2209 3917 lege
2254 3854 2325 3894 το
2377 3832 2665 3899 ΠΑΝΤ.
2710 3838 2924 3910 numi,
2962 3836 3047 3900 de
3084 3859 3212 3922 quo
3257 3840 3405 3923 'agi-
3469 3889 3476 3896 ,

1865 3956 2043 4007 mus,
2102 3935 2415 3999 indicabit
2462 3929 3003 4019 Panticapaeum,
3067 3960 3233 4025 qune
3281 3939 3407 4004 fnit

1861 4036 2146 4116 Bospori
2203 4038 2530 4120 Europaei
2569 4038 2727 4101 urhs
2781 4039 3151 4125 praecipua.
3257 4042 3410 4104 Ple·

1862 4157 1943 4198 na
2000 4137 2162 4216 hacc
2238 4157 2388 4200 cum
2465 4154 2724 4204 moneta
2797 4141 3176 4224 Lysimachi
3249 4163 3404 4207 con-

1864 4237 2087 4300 cordia
2136 4237 2432 4304 dubitare
2481 4263 2610 4304 non
2657 4241 2844 4317 sinit,
2905 4243 3110 4308 fuisse
3157 4260 3410 4310 certum

1863 4337 2144 4422 aliquam
2227 4358 2529 4417 causam,
2604 4363 2726 4408 cur
2797 4362 2919 4406 rex
2987 4346 3407 4427 Bosporanus
3458 4328 3465 4334 ’

1865 4447 2199 4505 monetam
2234 4463 2417 4518 suam
2458 4464 2606 4507 cum
2662 4459 2927 4508 moneta
2976 4445 3175 4510 vicini
3222 4447 3400 4529 regis
3450 4471 3459 4480 ·

1867 4556 1996 4608 tam
2056 4559 2288 4608 exacte
2352 4543 2816 4610 conformaret.
2917 4544 3188 4607 Constat
3246 4564 3405 4608 vero

1867 4644 2107 4718 etiam,
2162 4661 2532 4729 postremos
2594 4645 2704 4710 xt.
2770 4645 3139 4709 Paertsndis
3206 4665 3409 4710 annos

1866 4745 2164 4811 incidere
2196 4748 2262 4809 in
2296 4764 2605 4830 tempora
2650 4743 3046 4829 Lysimachi.
3111 4754 3413 4837 ‘Soneio-

2116 4863 2125 4870 .
2875 4853 2928 4915 z
2971 4862 3010 4903 Ι
