4575 5850
987 606 1079 670 12

984 759 1336 829 viminacii
1366 756 1600 842 signati
1632 769 1781 820 sunt
1809 741 1991 819 numi
2020 774 2168 819 cum
2198 774 2364 818 anno
2384 754 2524 832 lv„

966 862 1098 928 ‚alii
1126 881 1273 926 cum
1308 880 1477 924 auno
1513 858 1628 925 Vl.
1675 859 1776 921 An
1808 856 1986 922 istud
2026 856 2151 921 sibi
2193 858 2337 941 quis
2372 874 2550 941 per··

980 961 1310 1027 suaserit?
1383 959 1638 1025 Eodem
1692 958 1890 1022 modo
1941 979 2090 1022 cum
2134 958 2519 1028 Valerianus

986 1064 1281 1128 nondum
1323 1061 1751 1146 imperaverit
1784 1078 1954 1123 anno
1981 1059 2226 1124 Daciae
2256 1060 2372 1130 vl.
2395 1106 2414 1140 ,
2460 1059 2520 1123 si

983 1168 1095 1230 hic
1139 1167 1219 1229 ab
1263 1184 1432 1228 anno
1482 1164 1560 1232 V.
1607 1164 1916 1233 C.Niooo.
1959 1160 2364 1238 deducatur,
2411 1181 2524 1226 ne·

983 1289 1174 1354 cesse
1203 1281 1307 1331 est
1328 1311 1345 1342 ,
1384 1268 1509 1344 ait,
1556 1268 1729 1331 hunc
1775 1264 2014 1329 deduci
2043 1262 2314 1327 abanno
2342 1282 2523 1331 noos.

983 1370 1278 1435 Sedhoe
1313 1369 1457 1453 ipso
1494 1366 1999 1451 anno-copiosos
2042 1363 2359 1428 habemus
2396 1367 2526 1435 Va·-

980 1471 1222 1535 leriani
1266 1490 1496 1532 numos
1540 1468 1892 1551 inscriptos
1934 1469 2052 1532 AN
2087 1467 2310 1544 VIII„
2355 1488 2521 1551 ergo

985 1574 1436 1637 eodem-anno
1490 1568 1729 1654 signati
1777 1583 1924 1631 sunt
1971 1571 2040 1631 in
2090 1568 2296 1631 Dacia
2336 1570 2518 1630 numi

981 1696 1133 1738 cum
1174 1695 1347 1737 anno
1393 1672 1511 1741 VI.
1556 1683 1624 1732 et
1662 1668 1901 1739 V111.?
1960 1670 2138 1766 Quid
2173 1666 2350 1754 quod
2386 1683 2522 1731 ter·

978 1778 1139 1839 tiam
1175 1776 1368 1838 etism
1417 1792 1657 1848 seram,
1700 1771 1757 1833 si
1794 1773 2252 1839 Mazzelenum
2294 1790 2521 1856 sequa·

980 1899 1094 1955 re,
1137 1876 1350 1963 possis
1387 1873 1661 1939 elicere.
1720 1872 1956 1938 Refert
1993 1872 2362 1938 Bandurius
2406 1894 2523 1934 nu·

981 1999 1162 2043 mum
1196 1974 1539 2046 Volusiani
1568 1973 1697 2057 jam
1727 1974 2003 2057 Augusti
2033 1995 2416 2061 percussum
2453 1973 2518 2033 in

981 2080 1188 2144 Dacia
1216 2099 1366 2141 cum
1397 2095 1571 2143 anne
1599 2076 1721 2140 111.
1784 2072 2091 2147 Dictante
2126 2076 2519 2139 Mazzoleno

985 2180 1324 2243 ducendus
1391 2179 1498 2242 hic
1558 2197 1793 2241 numus
1845 2178 1925 2243 ab
1969 2179 2181 2242 altero
2224 2175 2519 2262 epochae

977 2283 1311 2371 principio
1330 2282 1413 2351 V.
1448 2283 1521 2343 C.
1563 2298 1721 2344 noos
1747 2325 1766 2357 ,
1811 2299 1977 2363 ergo
2007 2274 2241 2342 numus
2292 2277 2401 2343 hic
2440 2279 2524 2342 si-

985 2396 1216 2467 gnatus
1252 2396 1351 2447 est
1382 2383 1462 2450 V.
1491 2383 1564 2445 C.
1600 2390 1781 2457 1004,
1814 2403 1942 2467 quo
1958 2397 2174 2446 tamen
2206 2381 2525 2448 annoVo-

982 2487 1307 2553 lusianum
1369 2484 1493 2564 fam
1550 2484 1916 2568 Augustum
1963 2485 2066 2546 rix
2113 2480 2520 2566 probaveris.

912 2644 916 2653 ,
987 2589 1125 2655 Sed
1148 2588 1304 2651 nolo
1338 2585 1601 2667 longius
1632 2604 1873 2669 urgere
1912 2582 2120 2648 virum
2148 2583 2521 2666 eruditum3

983 2710 1136 2754 nam
1181 2688 1236 2751 si
1281 2708 1444 2771 opus
1489 2699 1629 2759 est,
1676 2687 1869 2749 etiam
1915 2687 1983 2747 in
2025 2684 2287 2750 tertiam
2317 2686 2523 2753 Vimi-

983 2791 1162 2857 nacii
1189 2809 1407 2854 aeram
1442 2786 1730 2865 inclinat,
1774 2798 1847 2850 ut
1877 2787 2019 2871 ipse
2057 2788 2406 2874 profitetur
2433 2788 2523 2871 Ρ).

884 2916 897 2928 ’
986 2876 1220 2978 lniq'ue
1264 2907 1426 2957 vero
1484 2889 1665 2960 idem
1705 2889 1811 2954 vir
1854 2887 2253 2956 clarissimus
2300 2891 2524 2955 Antio·

985 2993 1198 3058 chiam
1229 3036 1247 3067 ,
1309 2979 1635 3076 Si'nopen,
1678 2991 1970 3055 Amisum
2017 3007 2142 3059 etc.
2202 2993 2524 3070 obtendit,

988 3114 1155 3178 quae
1201 3093 1496 3172 singulae
1539 3093 1735 3157 variis
1779 3108 2000 3157 essent
2038 3094 2311 3178 epochis
2344 3114 2521 3171 usae,

986 3215 1139 3256 nam
1189 3212 1322 3256 non
1352 3192 1435 3255 de
1472 3195 1599 3259 hoc
1625 3237 1643 3272 ,
1687 3194 1805 3257 sed
1834 3207 2054 3257 utrum
2089 3215 2221 3258 uno
2257 3196 2524 3258 eodem-

988 3315 1117 3378 quc
1167 3309 1470 3378 tempore
1512 3296 1581 3358 in
1631 3296 2063 3358 monumentis
2097 3294 2379 3382 publicis
2415 3318 2521 3360 va·

988 3398 1130 3459 riae
1178 3396 1504 3460 adhibitae
1538 3399 1666 3461 sint
1686 3367 1932 3474 aerae,
1989 3418 2235 3485 eaeque
2270 3396 2519 3461 biennii

990 3513 1237 3562 tantum
1263 3499 1610 3563 intervallo
1643 3497 1979 3578 distantes,
2008 3501 2134 3565 hoc
2162 3501 2312 3565 loco
2327 3520 2523 3588 quac-

987 3601 1184 3663 titur.
1231 3599 1428 3695 Quod
1463 3600 1607 3688 siin
1646 3603 1980 3665 nonnullis
2011 3605 2281 3668 urbibus
2301 3603 2529 3688 plures

985 3723 1112 3761 una
1143 3702 1433 3782 epochae
1460 3702 1528 3763 in
1558 3725 1680 3766 usu
1709 3703 1923 3776 fuere,
1960 3708 2184 3787 plures
2202 3707 2393 3769 etiam
2412 3728 2530 3769 nu·

991 3802 1113 3864 mis
1146 3800 1564 3885 inscripsere,
1598 3806 2015 3870 maseato-ne
2048 3808 2530 3873 factumobser·

992 3924 1259 3970 vamus„
1301 3904 1609 3967 Ceterum
1665 3920 2077 3989 praetensam
2122 3910 2381 3973 urbium
2431 3912 2526 3972 in·

991 4005 1443 4081 constantiam,
1471 3995 1665 4090 atque
1693 4007 1860 4070 intra
1892 4009 2093 4072 breve
2138 4023 2399 4094 tempus
2445 4013 2523 4075 ab

982 4127 1117 4167 -una
1154 4106 1404 4190 epocha
1440 4106 1518 4169 atl
1564 4108 1756 4170 allam
1789 4111 2153 4200 transitum,
2186 4121 2380 4199 atque
2405 4113 2523 4178 ite-

922 4224 928 4234 ·
988 4230 1137 4272 rum
1156 4206 1480 4284 reditum,
1527 4229 1719 4294 quem
1750 4232 1877 4274 non
1921 4211 2115 4297 pauci
2154 4213 2276 4276 viri
2328 4195 2523 4296 insig-

988 4331 1106 4370 ncs
1137 4328 1481 4393 perperam
1520 4309 1886 4388 adfluxere,
1933 4315 2201 4397 copiose
2234 4335 2357 4399 per
2399 4314 2524 4378 boc

989 4433 1153 4494 opus
1206 4412 1650 4494 impugnatum
1706 4416 2037 4499 reperies,
2106 4417 2230 4480 etsi
2277 4416 2527 4501 aliquot

1230 4639 1299 4710 P>
1330 4636 1369 4694 l.
1398 4661 1430 4696 c
1482 4659 1522 4715 p
1578 4650 1680 4705 162

1942 582 2411 660 ΜοΕεΙΑ
2510 542 3184 660 ενιἜῚιῙόἨζ

2585 756 2827 833 urbes,
2864 776 2988 821 ceu
3015 756 3324 839 Apamea,
3361 752 3680 832 Seleucia,
3703 757 4002 841 Tripolis
4038 758 4118 822 ab

2590 848 2961 923 inconsulta
2983 857 3387 923 haclevitate
3407 856 3660 922 absolvi
3681 879 3811 922 non
3837 856 4118 943 possint.

2671 961 2998 1025 Refutatis
3030 960 3135 1023 his
3161 973 3467 1042 superest
3493 977 3836 1046 quaerere,
3871 979 4022 1025 cum
4052 960 4120 1022 in
4187 974 4188 987 ¹

2588 1062 2942 1133 viminacii
2999 1084 3074 1128 ac
3117 1062 3362 1126 Daciae
3413 1063 3629 1125 numis
3693 1060 4122 1128 observemus

2594 1186 2797 1228 annos
2826 1209 2844 1240 ,
2923 1163 3034 1249 qui
3108 1148 3401 1250 spectato
3450 1161 3746 1244 epochae
3793 1162 4120 1248 principie

2593 1287 2725 1330 non
2774 1264 3069 1328 incidunt
3102 1266 3171 1328 in
3203 1263 3552 1350 imperium
3582 1262 3747 1345 ejus,
3785 1264 3970 1347 eujus
4021 1285 4128 1330 ca·

2592 1368 2711 1451 piti
2736 1365 2944 1450 juncti
2972 1360 3139 1443 sunt,
3171 1384 3697 1451 quamnam‘esse
3734 1364 3925 1456 hujus
3943 1363 4128 1428 dissi·

2594 1468 2687 1530 dii
2718 1488 2976 1531 causam
3013 1467 3484 1532 existimemus.
3527 1458 3684 1531 Eam
3713 1486 3869 1531 saue
3895 1466 3974 1529 ab
3999 1489 4125 1530 una
4165 1516 4178 1525 ,

2589 1590 2814 1633 rerum
2885 1570 3176 1633 omnium
3229 1569 3359 1633 boc
3413 1586 3579 1632 aevo
3627 1568 4125 1653 perturbatione

2589 1672 2958 1758 profectam
2995 1685 3178 1756 puto,
3220 1691 3369 1736 cnm
3418 1668 3680 1733 barbari
3720 1668 3788 1730 in
3835 1669 3962 1732 hoc
3999 1683 4125 1733 tra·

2592 1788 2740 1852 ctu,
2783 1786 2858 1837 ut
2908 1784 2991 1836 e’x
3034 1773 3309 1838 historia
3347 1774 3820 1859 imperatorum
3847 1784 4126 1848 constat,

2589 1876 2848 1940 ferrent
2883 1873 3099 1938 omnia
3139 1888 3604 1961 reperentque,
3633 1872 3932 1957 nihilque
3965 1874 4129 1955 legi·

2591 1977 2713 2041 bus
2758 1975 3107 2041 ordinariis
3161 1977 3395 2063 peragi
3434 1987 3839 2062 paterentur.
3905 1969 4128 2067 Quare

2593 2076 2863 2142 defectu
2908 2077 3286 2157 matricum,
3352 2098 3519 2162 quae
3562 2080 3633 2140 in
3678 2091 3938 2161 tempus
3974 2095 4129 2159 qua·

2595 2177 2906 2256 drabant,
2950 2193 3215 2246 veteres
3262 2180 3332 2242 in
3383 2178 3643 2243 scriniis
3691 2178 4012 2261 repositas
4046 2174 4131 2238 ad

2590 2282 2794 2345 fallax
2828 2279 3214 2365 obsequium
3255 2300 3659 2348 revocavere
3684 2325 3703 2358 ,
3748 2279 3926 2364 quod
3969 2293 4128 2340 sane

2593 2403 2740 2446 sese
2775 2384 2864 2445 ita
2891 2381 3140 2447 habere
3171 2403 3255 2446 ex
3279 2382 3439 2463 ipsis
3470 2383 3809 2446 erroribus
3843 2401 3977 2445 non
4018 2379 4130 2445 cb·

2594 2502 2787 2547 scure
2813 2497 3035 2567 potest
3063 2484 3317 2568 colligi.
3357 2487 3528 2548 Nam
3572 2486 3683 2550 vix
3722 2480 4024 2565 reperies
4061 2478 4132 2540 in

2593 2585 2893 2651 omuibus
2953 2586 3056 2650 his
3122 2586 3338 2649 numis
3391 2587 3609 2650 notari
3656 2606 3895 2649 annum
3932 2628 3952 2659 ,
4017 2581 4131 2666 qui
4223 2660 4230 2665 ·

2596 2699 2773 2750 esset
2803 2686 3135 2774 posterior
3160 2684 3441 2773 imperio
3473 2687 3616 2773 ejus
3645 2687 3944 2774 Augusti,
3981 2704 4130 2748 cum

2594 2811 2728 2877 quc
2776 2789 3106 2874 jungitur,
3148 2791 3269 2855 sed
3305 2810 3512 2855 annos
3538 2809 3803 2879 semper
3847 2786 4134 2851 anterio-

2596 2913 2705 2957 res
2759 2891 3223 2959 observaveris
3257 2939 3275 2970 ,
3327 2894 3683 2958 manifesto
3740 2900 4130 2975 argumento

2596 3008 2972 3077 resumptae
3018 2997 3267 3061 veteris
3321 2995 3634 3064 matricis.
3693 2993 3794 3057 Ita
3837 2991 4130 3060 Vimina-

2597 3097 2772 3159 cium
2799 3094 2936 3157 ubi
2980 3097 3157 3159 ‹101›st
3199 3077 3404 3161 anno‘s
3446 3096 3570 3162 111.
3599 3107 3666 3157 et
3691 3093 3849 3158 1111.
3885 3094 3954 3154 in
3978 3092 4133 3155 Phi-

2592 3196 2799 3281 lippo,
2833 3217 3068 3260 annum
3113 3199 3228 3264 xl.
3260 3197 3328 3261 in
3347 3197 3707 3267 Volusiano
3752 3195 3882 3278 jam
3915 3197 4134 3280 Augu·

2589 3310 2716 3373 sto,
2760 3317 2996 3359 annum
3028 3298 3146 3367 VI.
3188 3299 3258 3362 in
3303 3299 3656 3369 Valeriano
3703 3309 3771 3358 et
3797 3297 4126 3371 Gallieno,

2594 3398 2704 3479 qui
2751 3410 2901 3459 sunt
2954 3402 3104 3462 anni
3145 3403 3510 3486 principum
3569 3398 4127 3484 praecedentium.

2595 3501 2746 3562 Non
2804 3518 3027 3561 moror
3073 3524 3340 3564 numum
3373 3502 3721 3569 Viminacii
3762 3520 3912 3564 cum
3964 3521 4131 3562 anno

2597 3600 2785 3666 xlss.
2831 3602 2896 3664 in
2927 3603 3296 3681 Etruscilla,
3334 3604 3688 3689 quiannus
3724 3616 3825 3666 est
3851 3602 4132 3685 imperio
4233 3623 4238 3630 ·

2600 3704 2815 3765 mariti
2847 3703 3040 3766 Decii
3086 3706 3456 3789 posterior,
3500 3725 3662 3767 nanr
3683 3724 3833 3767 eum
3871 3700 4132 3765 Bandu-

2600 3805 2738 3867 rius
2793 3821 2873 3866 cx
2919 3787 3272 3871 Vaitlantic‘i‘
3326 3800 3599 3880 recitat,
3661 3823 3944 3891 eumque
3987 3806 4129 3889 ipse

2599 3927 2732 3970 non
2777 3907 2974 3984 vidit,
3023 3921 3088 3968 et
3120 3907 3259 3991 ipse
3287 3921 3702 3990 praetensam
3738 3910 3905 3971 hanc
3953 3897 4132 3971 Vail-

2596 4010 2783 4073 lamii
2823 4009 3174 4072 lectionem
3221 4011 3288 4070 in
3324 4009 3592 4071 dubium
3637 4022 3848 4072 vocat.
3897 4009 4126 4091 Neque

2595 4123 2823 4176 mo'ror
2884 4113 3079 4173 etiam
3139 4097 3403 4173 numum
3464 4112 3709 4174 Daciae
3765 4128 3911 4172 cum
3956 4126 4127 4170 anno

2596 4214 2746 4279 Vll.
2792 4212 2855 4273 in
2889 4212 3297 4290 Hostiliam,
3341 4212 3524 4298 cujus
3564 4228 3815 4298 patrem
3845 4210 4127 4272 Decium

2595 4313 2724 4396 jam
2770 4328 2918 4377 ante
2967 4314 3140 4376 hunc
3179 4316 3424 4379 Daciae
3461 4334 3696 4378 annum
3738 4311 4126 4375 occubuisse

2598 4407 2872 4482 constat.
2927 4419 3094 4480 Nam
3151 4417 3232 4481 ab
3290 4418 3419 4482 hoc
3461 4417 3606 4499 ipso
3650 4435 3848 4479 numo
3894 4411 4130 4477 confir·
