4575 5850
895 330 904 339 ’
1031 362 1174 457 134

2037 331 2550 411 REGES
2650 327 3134 408 EPIRI.

1033 513 1263 583 Bar-tis
1319 523 1512 598 caput
1566 507 1956 596 frequenter
2010 504 2451 592 conspicimus
2504 502 2573 564 in
2642 500 2818 589 forte
2875 502 3163 589 petenda
3217 522 3304 588 ex
3360 524 3562 567 numo
3621 502 3729 582 V„
3787 505 3855 569 in
3898 525 4031 590 quo
4071 505 4180 568 ha·
4222 526 4233 540 .

1031 618 1282 685 numis-
1311 613 1768 693 Bruttiorum,
1833 609 2241 693 aliorumque
2302 603 2576 692 populo-
2644 603 2844 668 betur
2921 619 3118 687 caput
3189 606 3478 690 juvenile
3534 604 4014 688 diadematum3
4074 626 4184 669 ve·
4300 652 4325 679 Ι

1034 741 1264 797 rum,
1282 716 1439 803 quin
1501 726 1571 778 et
1625 712 1695 774 iu
1738 710 2053 775 Romanis
2107 708 2441 792 adscripto
2481 705 2579 767 in·
2647 726 2796 769 rum
2851 707 3068 771 crines
3128 707 3439 792 oblongi,
3486 723 3554 772 et
3598 708 3906 787 uniones,
3950 706 4187 795 quibus

1039 840 1241 908 super
1300 814 1568 884 MARS
1605 811 1936 881 VLTOR.
2020 811 2125 875 Ad
2165 812 2333 876 haec
2383 806 2579 871 dubia
2649 807 2896 871 collum
2925 808 3246 892 superbit,
3280 824 3528 875 certam
3564 808 3878 873 feminam
3912 808 4186 882 faciunt,

1039 942 1189 987 cum
1251 917 1631 982 adverteret
1686 916 2024 1000 cuperus,
2071 913 2299 978 verior
2340 906 2584 991 Pyrrhi
2652 922 2718 972 et
2749 922 2819 972 ut
2845 909 3142 987 videtur,
3185 913 3693 997 Proserpinam,
3734 913 3947 995 qualis
3976 924 4083 974 est
4118 911 4187 971 in

1041 1019 1304 1104 effigies
1373 1016 1720 1082 videbatur
1792 1035 1906 1093 ea,
1981 1037 2173 1101 quam
2268 1009 2584 1076 exhibent
2651 1030 2854 1073 numo
2898 1014 3009 1080 IV.
3053 1013 3294 1077 ceteris
3337 1014 3629 1100 partibus
3681 1013 3904 1076 simili.
3987 1011 4190 1073 Deni-

1038 1122 1226 1187 numi
1283 1117 1543 1206 quidam
1604 1117 1968 1202 argentei,·
2000 1117 2068 1179 in
2132 1115 2369 1201 quibus
2430 1112 2586 1176 hinc
2656 1132 2784 1195 que
2835 1132 2920 1176 ex
2973 1112 3088 1188 iis,
3133 1133 3299 1198 quae
3343 1115 3695 1200 disputavi,
3738 1114 3915 1180 istud
3956 1104 4191 1176 saltem
4226 1162 4241 1169 -

1043 1238 1146 1289 est
1205 1234 1400 1303 caput
1455 1216 1649 1284 virile
1708 1216 2007 1281 imberbe
2062 1216 2466 1292 laureatum,
2512 1214 2590 1274 il·
2654 1229 2995 1291 tenemus,
3054 1208 3222 1277 nihil
3280 1216 3473 1280 nobis
3531 1219 3848 1282 hactenus
3895 1214 4063 1281 certi
4103 1214 4190 1276 de

1041 1324 1179 1388 linc
1244 1320 1514 1407 elephas
1569 1332 1772 1383 stans.
1854 1318 2107 1386 Verum
2168 1317 2289 1383 hos
2348 1335 2584 1379 numos
2655 1313 2895 1399 Pyrrhi
2938 1312 3163 1401 effigie
3206 1330 3530 1393 constare,
3559 1320 3848 1384 omnium
3884 1337 4044 1382 vero
4070 1312 4195 1378 mi·

1046 1445 1194 1491 esse
1273 1421 1592 1507 Punicos,
1670 1434 1739 1485 et
1796 1433 1989 1509 caput
2044 1419 2215 1483 illud
2273 1416 2587 1481 Herculis
2654 1417 2836 1480 nime
2891 1418 3103 1503 capita
3158 1418 3427 1485 barbata
3487 1421 3780 1505 galeata,
3844 1439 4012 1506 quae
4056 1413 4200 1481 vul·

1047 1526 1271 1611 Tyrii,
1313 1525 1444 1588 alio
1485 1523 1642 1587 loco
1684 1510 2299 1585 demonstrabimus.
2385 1517 2590 1582 Deni·
2660 1537 2746 1601 go
2776 1518 3017 1601 Pyrrhi
3047 1519 3388 1599 dicuntur,
3434 1520 3578 1605 ejus
3611 1542 3758 1585 esse
3786 1521 3985 1606 regis,
4002 1537 4196 1606 prae-

1044 1646 1175 1715 que
1228 1622 1816 1692 Winckelmannus
1879 1637 1948 1686 et
2015 1622 2317 1709 Cuperus
2388 1621 2586 1684 alium
2659 1618 2852 1703 cipue
2923 1624 3072 1683 cuin
3131 1622 3351 1686 nullus
3398 1616 3554 1704 ejus
3610 1622 3758 1687 aevi
3810 1643 3930 1686 rex
3986 1623 4199 1685 Euro·

961 1748 966 1751 ·
1041 1750 1318 1794 numum
1352 1744 1737 1810 respexere,
1766 1724 2020 1810 inquo.
2047 1704 2590 1788 ΒΑΣΙΛΕΩΣ,
2658 1741 2863 1806 paens
2919 1720 3187 1786 barbam
3248 1743 3450 1809 usque
3519 1745 3603 1788 eo
3645 1724 4069 1810 promittere,
4129 1733 4200 1783 ut

955 1848 958 1851 ·
1049 1824 1456 1895 ΠΤΡΡΟΤ.
1518 1830 1721 1907 Caput
1785 1827 1978 1888 virile
2036 1827 2312 1888 imber-be
2370 1828 2590 1888 diade·
2660 1821 2837 1885 dicta
2893 1824 3104 1906 capita
3161 1825 3512 1904 exhibent,
3569 1823 4012 1892 consueverit.
4058 1822 4201 1888 Le·

1046 1943 1312 1999 matum,
1340 1921 2087 1993 aeBOTOPssTlssN.
2135 1929 2425 1990 Victoria
2444 1947 2591 2005 pro·
2658 1922 2887 2006 pidum
2973 1924 3254 2025 factum,
3340 1925 3520 2013 quod
3589 1926 3902 2010 perhibet
3967 1925 4201 1990 Lucia·

925 2047 930 2051 ’
1047 2036 1437 2109 cambonem&
1499 2041 1754 2093 tam-um
1802 2029 2070 2106 feriens.
2156 2022 2357 2090 Adde*
2399 2027 2589 2090 binos

1049 2137 1217 2203 alios
1283 2153 1436 2197 cum
1486 2128 1847 2213 epigraphe
1900 2122 2590 2193 ΘΕΣΠΡΩΤΙΩΝ.

1044 2233 1249 2299 Numi
1276 2233 1349 2295 hi
1378 2232 1494 2296 uni
1524 2228 1793 2295 Goltzio
1827 2229 1970 2295 visi.
2018 2230 2091 2294 Si
2138 2227 2447 2312 genuini,
2495 2241 2596 2292 te·

1051 2327 1283 2402 nemus
1314 2333 1641 2416 Pyrrhum
1675 2329 2113 2412 Capitolinum
2146 2330 2334 2413 large
2364 2326 2593 2393 barba·

1049 2453 1191 2502 tum
1221 2457 1343 2523 per
1374 2435 1505 2499 duo
1542 2448 1612 2497 et
1644 2431 1924 2515 amplius
1975 2432 2238 2495 saecula
2284 2428 2596 2516 imposto-

1048 2559 1219 2617 rem,
1248 2539 1369 2629 sin,
1402 2535 1579 2623 quod
1608 2532 1992 2607 verisimile,
2032 2529 2211 2609 ficti,
2246 2532 2411 2595 nihil
2446 2534 2596 2623 hac·

1039 2654 1243 2705 ·tenus
1279 2641 1364 2704 de
1398 2636 1643 2721 Pyrrhi
1671 2632 1896 2719 effigie
1923 2634 2381 2717 comperimus.

1134 2742 1389 2809 Verum
1425 2761 1507 2803 an
1539 2737 1696 2803 inde
1732 2759 1767 2800 a
1800 2737 2063 2819 Cupero
2095 2736 2305 2799 nihilo
2323 2736 2472 2822 plus
2491 2736 2597 2798 lu-

937 2929 944 2934 ,
1053 2844 1150 2910 cis
1185 2841 1500 2907 adfulsit?
1544 2838 1916 2923 Oportebat
1962 2837 2134 2900 istud
2166 2854 2357 2903 aucto
2391 2838 2597 2900 subsi-

1053 2947 1319 3011 diorum
1348 2962 1651 3008 numero.
1690 2944 1940 3012 Verum
1959 2942 2198 3003 iterum
2220 2941 2598 3025 perturbata

1058 3047 1297 3115 omnia.
1386 3048 1641 3108 Auctor
1673 3043 1881 3105 musei
1900 3041 2230 3122 Theupoli
2263 3041 2452 3108 binos
2483 3066 2600 3104 nu-

1056 3169 1202 3213 mos
1248 3148 1520 3221 recitat,
1568 3147 1637 3208 in
1688 3163 1968 3229 quorum
2001 3163 2169 3216 uno,
2215 3162 2411 3225 quem
2447 3143 2597 3210 loco

1055 3253 1172 3320 vl.
1218 3248 1566 3334 proposui,
1612 3258 1714 3309 est
1751 3258 1945 3326 caput
1983 3243 2327 3305 barbatum
2380 3242 2600 3309 diade·

1055 3367 1324 3417 matum.
1408 3353 1550 3425 En,
1610 3349 1665 3410 si
1721 3346 2008 3412 fideliter
2072 3344 2439 3427 descriptus
2484 3369 2600 3411 nu·

1039 3473 1240 3530 -mus,
1298 3450 1630 3535 Pyrrhum
1688 3449 1889 3512 barba
1965 3448 2208 3511 iterum
2270 3448 2599 3512 vestitum·.

1053 3557 1275 3622 Litem
1347 3553 1525 3617 forte
1596 3552 1941 3614 dirimeret
2009 3569 2246 3612 numus
2304 3548 2601 3629 ejusdem
2718 3614 2731 3622 ,

989 3689 1011 3706 ··
1058 3654 1554 3740 museis‘que‘m
1601 3666 2016 3738 postremum
2062 3651 2407 3733 proposui,
2452 3672 2600 3716 cum

1057 3756 1313 3820 feratur
1370 3766 1724 3836 argenteus
1792 3751 2055 3814 maximi
2113 3748 2403 3826 moduli,
2484 3750 2604 3813 sed

1059 3843 1806 3942 genarumperistasin‘
1846 3851 2144 3934 neglexit
2203 3867 2468 3927 auctor,
2531 3865 2600 3914 et

1058 3958 1286 4022 monui
1357 3978 1588 4039 supra,
1661 3976 1937 4018 numum·
1991 3953 2164 4015 hunc
2222 3954 2437 4017 videri
2498 3977 2600 4016 su-

1059 4072 1376 4145 spectum.
1460 4058 1550 4119 Et
1602 4074 1688 4119 ne
1746 4056 1941 4141 quid,
1985 4054 2160 4141 quod
2204 4054 2334 4118 huc
2381 4056 2597 4120 facere

1062 4160 1305 4248 possit,
1390 4154 1707 4220 indictum
1767 4159 1880 4233 sit,
1928 4157 2070 4239 ejus
2112 4159 2289 4242 regis
2335 4156 2598 4241 effigies

2661 2046 2784 2089 nus
2829 2022 2931 2108 ¹²),
2981 2040 3396 2113 praesentem
3460 2050 3721 2095 causam
3766 2027 4007 2094 eximie
4050 2025 4201 2091 illu-

2664 2141 2847 2193 strat.
2933 2129 3308 2207 Creditum,
3360 2132 3488 2209 ait,
3544 2132 3846 2216 Pyrrho,
3903 2151 4051 2196 esse
4124 2149 4203 2196 ιο

2665 2227 3045 2293 Alexandro
3087 2233 3185 2295 M.
3227 2230 3632 2295 simillimum
3657 2275 3676 2308 ,
3720 2246 3787 2298 et
3830 2253 3982 2298 cum
4025 2230 4204 2297 forte

2665 2332 2970 2395 Larissae
3030 2346 3244 2408 esset,
3291 2334 3657 2398 ostendisse
3699 2334 4002 2420 hospitae
4045 2356 4205 2401 suae

2665 2429 2983 2519 imagines
3025 2434 3350 2519 Philippi,
3395 2434 3790 2516 Alexandri,
3821 2432 4206 2512 Perdiccae,

2668 2534 3049 2614 Cassandri,
3124 2534 3536 2621 aliorumque
3591 2540 3822 2623 regum
3844 2582 3862 2615 ,
3920 2538 4211 2603 sciscita-

2664 2647 2937 2720 tumque
3013 2656 3097 2699 ex
3169 2657 3283 2715 ea,
3361 2638 3614 2702 cuinam
3677 2624 3919 2703 horum
3972 2638 4209 2703 similia

2669 2752 2878 2814 esset,
2922 2737 3118 2821 plane
3161 2758 3582 2821 persuasum,
3626 2737 3775 2805 fore
3822 2753 3895 2803 ut
3926 2740 4210 2805 Alexan·

2670 2835 2862 2901 drum
2906 2839 3231 2905 innueret.
3318 2844 3404 2905 At
3446 2841 3793 2907 mulierem
3838 2842 4209 2928 simplicem

2667 2961 3091 3026 pernegasse,
3125 2942 3360 3020 horum
3392 2944 3505 3006 uni
3536 2951 3685 3008 eum
3720 2939 3867 3008 esic
3903 2944 4214 3017 similem,

2670 3042 2829 3124 quin
2887 3043 3103 3126 potius
3163 3042 3585 3109 Batrachioni
3640 3063 3841 3122 coco,
3917 3044 4032 3129 qui
4084 3044 4218 3109 fnit

2667 3127 2995 3206 Larissae]
3079 3142 3264 3228 Ergo
3309 3146 3422 3231 qui
3463 3147 3789 3230 Pyrrhum
3823 3146 4032 3212 fuisse
4064 3148 4217 3211 bar·

2669 3246 2888 3309 batum
2957 3247 3431 3326 contendunt,‘
3482 3247 3917 3333 comprobent
3987 3248 4212 3324 etiam,

2670 3346 3112 3411 Alexandrum
3151 3367 3412 3431 quoque
3443 3348 3707 3412 barbam
3744 3351 4011 3421 aluisse.

2722 3453 2901 3513 ἈΚ
2944 3453 3083 3514 ΑΒ.
3125 3454 3271 3514 ΑΕ.
3315 3453 3389 3514 B.

3041 3601 3717 3683 ALEXANDER
3789 3571 3881 3683 1).

2757 3754 2999 3837 Pyrrhi
3061 3774 3143 3817 ex
3180 3753 3486 3820 ,Lauassa
3534 3755 3919 3840 Agathoclis
3959 3756 4095 3823 filia
4136 3759 4224 3824 fi-

2670 3853 2819 3922 lius-0
2852 3856 3084 3920 Fratre
3114 3854 3373 3918 seniore
3406 3857 3791 3947 Ptolemaeo
3823 3858 3989 3944 apud
4012 3861 4225 3944 Spar-

2671 3971 2800 4020 tam
2845 3958 3272 4043 interempto,
3299 3973 3484 4040 patre
3528 3958 3723 4041 Argis
3755 3978 3951 4026 caeso
3993 3974 4225 4045 pater·

2668 4049 3165 4148 num'regnum
3226 4061 3362 4130 adit
3429 4058 3623 4122 ducta
3678 4073 3921 4123 ‘sorore
3979 4060 4224 4146 Olym-

2668 4163 2880 4247 piade.
2925 4161 3352 4225 Macedoniae
3416 4179 3631 4242 regno
3688 4161 3881 4244 pulso
3939 4163 4233 4250 Antigo-

2308 4269 2315 4275 .
3433 4261 3439 4270 .

1051 4279 4167 4340 m

1095 4349 1100 4358 ι

1289 4367 1357 4444 1>>
1395 4368 1626 4430 advers.
1661 4355 1888 4428 ind'oet.
