4575 5850
1160 623 1306 696 2432
1839 704 1866 719 „
2289 588 2355 668 T
2505 599 2597 673 R*
2717 596 2783 669 Ο
2932 600 2998 668 Α
3139 584 3219 667 S.

1242 736 1484 843 Statua
1518 718 1845 848 Aopolle'm'ae
1895 770 2077 847 cippo
2110 770 2412 850 Imposita
2428 811 2447 845 ‚
2489 774 2700 849 Juxta
2771 784 2900 851 que
2930 764 3224 830 fabricae
3268 762 3426 829 satis
3470 762 3807 831 barbarae.
3897 769 3968 829 In
4010 763 4253 831 Pelleri·

1155 886 1369 964 fiyura
1401 873 1712 938 militari·
1748 873 1845 931 ad
1892 890 2078 933 aram
2127 872 2502 950 sacrificam
2519 913 2535 944 ‚
2595 891 2697 932 m.

2768 867 2980 932 nianis
3025 854 3272 950 legitur
3318 862 3459 930 CO.
3506 863 3651 935 AV.
3699 866 3884 945 (uel.
3932 869 4012 930 Π.
4057 868 4251 952 p-bt.)

1151 998 1343 1059 pomo
1389 977 1617 1060 aquila
1655 974 1883 1034 volans
1928 972 2108 1033 bovis
2150 979 2345 1049 capue
2378 973 2699 1051 unqm’bus
2768 972 3006 1035 Plures
3068 967 3264 1032 etiam
3343 987 3427 1029 ex
3500 968 3873 1030 memoratis
3938 967 4043 1030 hic
4107 969 4250 1054 typis

1161 1085 1403 1162 defert,
1451 1071 1814 1155 Crispinae.
1848 1070 2109 1153 (vain.)

1242 1184 1517 1245 Ioannes
1566 1172 1844 1248 Halala,
1906 1190 2053 1233 cum
2129 1168 2426 1235 conditas
2482 1192 2520 1235 a
2576 1171 2688 1235 Se.

1154 1286 1349 1347 leuco
1391 1298 1515 1362 per
1544 1271 1801 1355 Syriam
1830 1270 2030 1335 urbes
2061 1269 2306 1348 refert,
2354 1289 2464 1334 eas
2498 1284 2689 1357 capto

1150 1403 1417 1468 semper
1502 1374 1779 1458 augurio
1872 1370 2241 1436 aedificatas
2347 1388 2689 1450 memorat,

1153 1502 1391 1566 nempe
1456 1479 1804 1543 advolante
1865 1475 2079 1560 aquila
2107 1474 2460 1558 ,abreptam
2510 1475 2691 1539 victi.

1152 1603 1295 1648 mae
1351 1581 1756 1664 portionem,
1819 1590 1929 1642 aut
1985 1575 2197 1657 ipsum
2262 1574 2456 1637 etiam
2519 1577 2691 1640 tauri

1154 1699 1347 1769 caput
1391 1683 1454 1744 iu
1501 1700 1654 1743 eum
1696 1679 1916 1742 locum
1965 1675 2349 1750 deferente,
2408 1675 2519 1738 ubi
2579 1674 2691 1739 dei

1150 1790 1328 1883 jussu
1375 1803 1542 1845 nova
1585 1780 1744 1843 urbs
1788 1773 2123 1840 statuenda
2163 1792 2338 1839 esset
2368 1783 2450 1856 π).
2494 1779 2694 1841 Prae.

1153 1886 1407 1950 monuit
1449 1883 1578 1967 jam
1623 1875 1796 1940 iatud
1839 1874 2225 1944 Vaillantius
2269 1876 2352 1938 ad
2410 1877 2691 1942 similem

1121 1998 1423 2049 'numum
1456 1977 1769 2045 Antonini
1795 1977 1920 2042 Pii.
2008 1974 2186 2038 Idem
2233 1978 2301 2039 in
2347 1975 2691 2042 condenda

1155 2083 1503 2149 Antiochia
1548 2080 1631 2144 ad
1666 2079 1991 2145 Orontem
2026 2076 2346 2141 accidisse
2374 2093 2525 2142 ante
2556 2083 2692 2146 Ma·

1156 2190 1350 2253 lalam
1393 2184 1616 2249 docuit
1648 2180 1963 2245 Libanius
1994 2180 2080 2262 ⁰).
2166 2179 2394 2243 Simile
2428 2179 2583 2264 quid
2621 2182 2689 2243 in

1155 2287 1500 2353 condenda
1545 2281 1938 2347 Alexandria
1988 2279 2249 2343 Troade
2307 2282 2689 2368 contigisse,

1153 2387 1502 2461 docuerint
1526 2384 1789 2450 fabulae
1819 2382 2238 2447 domesticae.
2326 2386 2694 2467 Argumen-

1151 2508 1289 2557 tum
1348 2489 1605 2575 aquilae
1652 2485 1838 2550 bovis
1886 2497 2082 2569 caput
2134 2482 2520 2567 complexae
2579 2502 2691 2546 ex-

1154 2607 1280 2657 stat
1314 2591 1510 2654 etiam
1553 2588 1621 2649 in
1666 2604 1869 2650 aureo
1900 2582 2348 2668 anepigrapho
2382 2597 2688 2668 pervetu-

1152 2694 1234 2756 sti
1267 2691 1488 2776 operis
1541 2690 1720 2769 (nam
1776 2685 2028 2770 postica
2060 2684 2447 2781 quadratum
2485 2682 2687 2748 infor-

1153 2812 1260 2856 me
1292 2790 1534 2863 offert)
1580 2807 1776 2875 quem
1806 2785 2207 2850 Pellerinius
2247 2786 2423 2847 inter
2478 2784 2692 2848 incer-

1156 2909 1258 2957 tos
1323 2892 1649 2962 recenset,
1710 2891 1893 2966 (Rec.
1943 2890 2024 2955 Τ.
2075 2888 2190 2952 111.
2237 2886 2367 2953 tab.
2402 2885 2593 2954 CXV.
2621 2907 2687 2953 n.

1151 2995 1242 3071 3.)
1331 2993 1553 3086 Quare
1611 2988 1967 3053 verisimile
2029 3000 2176 3065 est.‚
2244 2988 2506 3049 eumin
2566 2986 2689 3051 hac

1152 3094 1338 3168 urbe,
1385 3093 1502 3155 sed
1544 3111 1694 3155 cum
1754 3087 1974 3173 Sigiae
2027 3087 2240 3152 adhuc
2294 3105 2537 3149 nomen
2596 3100 2693 3151 te-

1150 3208 1378 3266 neret,
1419 3192 1625 3255 fuisse
1681 3190 2033 3282 signatu-m3
2092 3188 2480 3274 praesertim
2535 3206 2686 3252 cum

1149 3295 1517 3366 videamus,
1602 3292 2165 3368 Alexandrenses‚
2250 3289 2445 3354 etiam
2533 3312 2688 3354 cum

1154 3396 1378 3461 coloni
1411 3405 1663 3464 essent,
1711 3392 2041 3456 veteribus
2080 3412 2234 3457 suae
2265 3395 2449 3459 urbis
2495 3398 2686 3480 typis,

1097 3506 1104 3514 '
1156 3514 1227 3563 ut
1258 3492 1628 3559 Corinthios
1648 3503 1684 3571 ‚¹
1713 3492 1945 3558 sedulo
1977 3492 2358 3563 inhaesisse.

1782 3651 2066 3736 0⁸²0

1237 3806 1370 3870 Alii
1418 3804 1552 3887 typi
1614 3818 1805 3870 sunt:
1867 3809 2100 3885 Apollo
2143 3809 2396 3870 volanti
2439 3812 2684 3889 yrypko

1152 3911 1438 3970 insidens
1457 3946 1473 3978 ‚
1522 3905 1784 3965 Silenus
1802 3948 1819 3979 ‚
1860 3907 2016 3982 lupa
2056 3908 2363 3985 gemellos
2409 3909 2690 3981 lactans,

1152 4005 1472 4069 inferiore
1504 4019 1665 4063 aevo
1698 4001 2108 4085 potissimum
2152 4012 2348 4081 caput
2381 4006 2689 4067 muliebre

1152 4111 1479 4180 turritum,
1552 4123 1722 4182 pone
1774 4106 2113 4176 vexillum,
2178 4103 2286 4165 cui
2342 4123 2538 4187 saepe
2592 4104 2687 4165 in-

1149 4208 1434 4291 scriptae
1479 4201 1753 4281 literae,
1799 4202 1917 4266 sed
1979 4202 2368 4288 plerumque
2423 4203 2684 4271 dubiae.

1151 4312 1223 4370 ln
1256 4327 1390 4370 uno
1419 4303 1632 4368 musei
1668 4304 1972 4369 Caesarei
2001 4304 2155 4387 lego
2194 4306 2334 4371 AV.
2353 4308 2491 4372 ΤΡ.
2507 4321 2686 4369 sunt·

2769 1092 2963 1154 saepe
3007 1070 3074 1131 in
3121 1088 3254 1133 nno
3294 1069 3664 1155 eodemque
3694 1088 3892 1131 numo
3916 1068 4248 1151 junguntur.

2851 1175 3190 1236 Aureliam
3247 1160 3761 1234 Antoninianum
3825 1189 3895 1233 se
3969 1181 4140 1231 vocat
4194 1170 4249 1230 in

2764 1273 2976 1336 numia
3005 1270 3403 1338 caracallae.
4128 1286 4133 1291 ’

2851 1378 3091 1439 Montio
3127 1381 3310 1448 situs,
3357 1394 3394 1435 a
3422 1368 3625 1434 ssuvio
3658 1370 4047 1436 Scamandro
4072 1368 4133 1430 iu
4167 1389 4254 1429 au·

2760 1476 3079 1555 tonomis,
3120 1487 3191 1540 et
3246 1474 3524 1557 regione
3583 1474 3844 1538 Troade
3880 1475 3946 1535 in
3995 1470 4252 1536 coloniae

2760 1577 2998 1643 nuruis.

2762 1681 2907 1743 ΑΕ.
2939 1681 3008 1743 C.

3356 1837 3707 1897 ARISBA.

2846 1982 3059 2063 Hujus
3089 1984 3269 2047 urhis
3301 2006 3569 2049 numum
3619 1983 4087 2068 imperarit-inm
4129 2002 4251 2046 cum

2763 2083 2977 2166 capite
3023 2084 3288 2167 Traiani
3331 2066 3721 2155 Vaillantius
3768 2106 3857 2148 ex
3904 2103 4117 2147 museo
4144 2081 4256 2162 {suo

2762 2181 2919 2247 citat
2951 2183 3332 2271 inscriptum
3369 2183 3883 2251 AplcssessN.
3936 2198 4083 2269 typo
4127 2189 4257 2247 Hor·

2760 2287 2927 2346 culis
2965 2288 3209 2348 leonem
3240 2290 3639 2368 suffocantis.
3727 2287 3980 2348 Citatur
4005 2288 4146 2347 item
4189 2285 4258 2344 si-

2765 2383 2940 2447 milis
2974 2384 3118 2455 ΑΕ.
3148 2390 3237 2451 Π.
3267 2387 3523 2452 formae
3556 2388 3625 2450 in
3657 2406 3891 2450 museo
3908 2385 4254 2450 christinae.

2758 2483 2914 2546 Fuit
2947 2485 3141 2548 etiam
3184 2488 3416 2551 Arisba
3443 2488 3668 2552 Lesbi.
4158 2472 4163 2481 Ι

2757 2587 2901 2645 ΑΕ.
2928 2588 3168 2650 RBRB·

3281 2743 3786 2805 DARDANVS.

2843 2889 2947 2957 Ad
2976 2893 3521 2979 Hellespontum,
3565 2893 3723 2959 urbs
3771 2895 4058 2980 antiqua,
4112 2893 4257 2958 aedi·

2761 2989 2948 3057 ficata
2987 3017 3024 3058 a
3055 2996 3365 3061 Dardano
3390 2998 3680 3082 Trojano
3716 2999 4078 3062 seeundum
4115 2994 4259 3076 tDio·

2762 3092 3035 3173 dorum,
3079 3110 3147 3161 et
3192 3098 3532 3164 hodiernis
3575 3098 4003 3178 Dardanellis
4054 3092 4259 3162 nomen

2757 3197 2939 3264 fecit.
4042 3205 4047 3208 ⁴

2760 3347 2773 3356 -
2844 3305 3232 3367 Autonomi:

2845 3406 3080 3466 Mulier
3116 3410 3357 3470 stolata
3399 3427 3560 3492 equo
3605 3409 3946 3490 gradienti
4017 3409 4263 3470 fasidem

2759 3508 2821 3568 d.
2863 3506 3156 3585 frenum,
3202 3530 3256 3573 s.
3285 3511 3479 3572 laten·
3507 3513 3791 3573 admota.
3831 3505 3882 3569 Ξ
3902 3504 4097 3573 ΔΑΡ.
4132 3509 4259 3570 Gal-

2760 3608 2859 3669 lus
2890 3616 3090 3669 stans.
3135 3610 3271 3678 AR.
3307 3610 3360 3673 1.

2840 3705 3165 3791 Insignem
3212 3705 3397 3772 bunc
3430 3730 3699 3773 numum
3752 3710 4145 3776 Pellerinius
4200 3708 4256 3766 iu

2757 3820 3090 3888 postremo
3135 3829 3254 3871 suo
3299 3830 3542 3892 opere,
3588 3810 3762 3895 quod
3792 3815 4137 3875 Additiom
4180 3808 4255 3868 in-

2762 3904 3113 3980 scribitur,
3160 3905 3368 3970 edidit
3403 3911 3491 3990 Ρ),
3536 3912 4021 3993 explicavitque
4056 3909 4256 3993 pagins

2759 4005 3004 4067 ultima.
3052 4006 3275 4090 Typus
3308 4009 3607 4071 mulieris
3635 4010 3700 4069 iu
3732 4027 3911 4095 equo
3940 4029 4068 4071 non
4105 4005 4259 4089 equi·

2759 4105 2990 4182 tantis,
3049 4107 3164 4170 sed
3226 4109 3553 4187 sedentis,
3607 4131 3738 4196 quo
3789 4111 3928 4174 ritu
3993 4108 4252 4191 Cybelen

2756 4203 2937 4268 leoni
2975 4227 3132 4285 suo,
3178 4209 3416 4272 Isidem
3451 4209 3597 4275 cani
3635 4209 3932 4275 insidere
3972 4207 4257 4293 conspici·

2757 4327 2899 4369 mus
2918 4352 2937 4386 ‚
2982 4309 3089 4372 vix
3121 4310 3276 4373 alias
3307 4311 3379 4373 in
3411 4312 3628 4376 numia
3658 4312 3973 4377 occurrit.
4071 4303 4257 4375 simili

1399 4580 1462 4649 n)
1502 4575 1836 4656 Chronogr.
1864 4578 1925 4634 L.
1954 4575 2114 4635 vm.
2289 4577 2351 4649 ο)
2390 4576 2460 4634 In
2487 4577 2867 4641 Antiochico.
3040 4570 3103 4653 Ρ)
3142 4581 3278 4657 Pag·
3310 4593 3365 4645 1.
