4575 5850
1929 469 2459 543 ATTI

904 643 1099 708 netae
1163 635 1414 704 Atticae
1473 654 1825 725 argenteae
1872 640 2240 726 suppeditat
2295 641 2449 703 Pol-

903 746 1041 821 lux,
1089 764 1329 827 nempe
1357 744 1856 818 tetradrachma,
1909 741 2308 816 didrachma,
2354 756 2467 805 ter

906 848 1206 921 trobola,
1261 844 1582 920 triobola,
1646 843 1948 916 diobola,
2023 843 2291 919 obolos,
2348 864 2448 908 se-

908 947 1257 1011 mioboles.
1321 949 1575 1008 Horum
1623 944 1905 1007 tabulam
1933 944 2302 1027 ponderum
2336 947 2445 1009 de·

905 1049 1003 1111 dit
1042 1048 1360 1130 Haymius
1394 1045 1483 1128 ¹²),
1530 1048 1786 1131 pondus
1837 1065 1994 1110 vero
2040 1033 2449 1129 singulorum

905 1171 1254 1214 numerum
1287 1150 1350 1211 in
1388 1152 1682 1231 catalogo
1705 1150 1987 1210 Hunteri
2016 1165 2317 1214 accurate
2342 1150 2452 1212 ba·

902 483 1055 558 208,

905 1253 1029 1316 bes
1058 1250 1412 1315 indicatum
1441 1298 1458 1327 ,
1505 1252 1680 1336 quod
1718 1271 1866 1314 cum
1899 1252 2273 1334 Haymianis
2321 1251 2454 1314 cal·

902 1353 1072 1420 culis
1116 1356 1355 1417 eximie
1405 1354 1757 1438 conspirat,
1846 1350 2018 1445 Quin
2071 1367 2327 1415 exstant
2381 1351 2447 1412 in

853 1495 857 1502 -
907 1477 1137 1519 museo
1196 1457 1555 1533 Caesareo,
1593 1456 2070 1540 &Hunterianm
2146 1469 2214 1514 et
2289 1452 2447 1514 alibi

905 1560 1195 1635 numuli,
1243 1559 1353 1641 qui
1397 1571 1548 1620 sunt
1588 1555 2104 1619 semiobolorum
2170 1553 2449 1629 dimidii,

909 1684 1026 1726 seu
1056 1661 1167 1746 qui
1199 1673 1490 1746 quartam
1525 1657 1704 1720 oboli
1737 1668 1988 1742 partem
2025 1658 2448 1733 constituunt,

908 1766 1038 1828 duo
1067 1758 1618 1841 nimirumgrana'
1647 1757 2122 1841 adpendenteS,
2168 1780 2449 1843 quorum

903 1885 1040 1928 non
1092 1862 1392 1925 meminit
1450 1861 1728 1937 Pollux,
1797 1876 1864 1924 et
1927 1875 2144 1924 tamen
2193 1861 2260 1921 in
2335 1859 2454 1919 mi·

907 1964 1250 2030 notissimo
1328 1958 1664 2027 volumine
1730 1962 2104 2024 luculentos
2160 1959 2450 2024 offerunt

910 2083 1099 2152 typos
1186 2064 1471 2136 Atticos,
1549 2077 1616 2126 et
1684 2063 2210 2146 inscriptionem,
2285 2081 2451 2147 quos

907 2188 1041 2231 non
1086 2169 1296 2251 magis
1340 2164 1584 2228 mirere
1619 2163 1684 2225 in
1728 2164 2046 2249 pecuniae
2094 2185 2279 2226 usum
2337 2184 2450 2247 po-

908 2270 1114 2335 tuisse
1174 2269 1458 2344 servire,
1514 2286 1707 2349 quam
1768 2266 1850 2328 ad
1906 2280 2194 2328 nostram
2240 2284 2487 2349 usque.

908 2383 1189 2439 aetatem
1246 2370 1620 2455 pervenite
1677 2367 1862 2430 Haec
1906 2380 2206 2434 monetae
2249 2367 2478 2429 Athe-'

907 2474 1154 2541 niensis
1195 2472 1490 2558 pondera
1534 2468 1727 2530 docet
1799 2469 2202 2551 experientia
2249 2466 2455 2529 bilan-

908 2576 1007 2640 cis
1073 2596 1201 2661 ope
1245 2573 1560 2636 instituta.
1618 2569 1788 2632 Mira
1836 2570 2001 2633 adeo
2063 2570 2200 2632 visa
2240 2570 2451 2633 oratio

907 2677 1120 2754 Livii,
1175 2676 1319 2761 qui,
1380 2693 1510 2758 quo
1541 2674 1706 2734 'loco
1760 2669 2112 2734 Flaminini
2155 2670 2239 2732 de
2298 2670 2449 2733 Phi-

907 2780 1090 2863 lippo
1150 2774 1513 2839 Macedone
1568 2773 2005 2859 triumphum,
2068 2787 2452 2857 captamque

906 2881 1219 2967 praedam
1279 2877 1666 2961 enarrate),
1727 2875 1822 2938 sic
1879 2874 1996 2937 ait:
2062 2879 2312 2956 siynati
2349 2897 2452 2937 ar·

904 2986 1087 3065 qemi
1132 2986 1460 3061 octoyt'nta
1508 2990 1785 3064 quatuor
1823 2981 2034 3040 millia
2064 2980 2253 3057 fuere
2281 2979 2453 3039 Atti-

910 3082 1130 3148 cornm'
1141 3105 1173 3157 ;
1219 3085 1686 3144 tetradrachma
1737 3090 1972 3143 vocant
1986 3123 2003 3153 ,
2058 3082 2255 3142 trium
2311 3080 2454 3157 fere

910 3188 1324 3249 mariarum
1407 3185 1478 3242 in
1546 3185 1822 3263 sinqulz's
1894 3183 2148 3261 cst-qenes·
2199 3184 2455 3258 pondus

913 3295 1034 3350 est.
1076 3286 1296 3348 Locus
1326 3282 1435 3345 hic
1467 3279 1848 3345 criticorum
1887 3280 2186 3364 ingenia,
2230 3293 2304 3342 ut
2345 3277 2457 3341 de·

915 3385 1086 3461 cuit,
1152 3387 1390 3448 misere
1439 3383 1729 3460 vexavit,
1791 3383 2094 3467 quoniam
2153 3402 2236 3444 ex
2279 3395 2458 3446 vete·

911 3509 1060 3552 rum
1113 3492 1439 3551 consensu
1475 3485 1784 3548 drachma
1835 3497 1901 3548 et
1936 3482 2238 3548 denarius
2281 3485 2456 3548 idem

2563 473 2809 545 CA.

2517 643 2768 709 Verum
2830 641 2910 705 ab
2972 644 3268 729 utrisque
3313 644 3483 709 male
3538 644 3806 709 defensa
3844 665 4056 723 csuss,

2517 744 2665 826 quia
2727 741 2985 805 modum
3041 751 3376 830 'peccatum
3442 751 3747 813 excessit.
3844 749 4057 813 Dena-

2515 845 2683 906 rium
2739 858 2874 906 tum
2925 847 3253 933 (intelligo
3301 851 3578 933 Augusti
3639 852 3901 929 aevum)
3952 850 4059 913 ad·

2517 945 2821 1025 pendisse
2896 946 3269 1012 drachmam
3330 970 3478 1012 cum
3542 946 3819 1024 triente,
3882 951 4059 1037 quod

2524 1067 2607 1107 ex
2669 1047 2796 1111 boc
2856 1050 3006 1113 loco
3051 1051 3419 1134 collegerat
3459 1051 3874 1126 Priscianus,
3921 1071 4061 1118 cer·

2523 1164 2627 1210 tae
2712 1154 3160 1236 experientiae
3248 1172 3329 1214 ex
3418 1153 3559 1236 ejus
3641 1154 3869 1215 aetatis
3948 1177 4063 1216 nu·

2522 1251 2646 1313 mis
2720 1267 2944 1338 captae
3001 1267 3340 1337 repugnat.
3430 1255 3628 1329 Esto,
3688 1256 3906 1317 locum
3965 1254 4061 1319 lu·

2521 1369 2778 1430 zatum,
2861 1356 2986 1419 etsi
3062 1358 3127 1415 in
3200 1353 3409 1418 verbo
3479 1360 3674 1418 trium
3744 1376 3874 1420 non
3955 1380 4061 1443 sp·

2519 1469 2746 1538 pareat
2801 1455 3132 1517 dissensus
3194 1453 3535 1530 codicum,
3598 1471 3665 1518 et
3702 1457 3756 1518 is
3787 1480 3915 1520 nou
3952 1459 4063 1523 ali-

2522 1569 2626 1618 ter
2685 1557 2945 1641 legatur
3000 1556 3173 1640 apud
3232 1556 3639 1620 Priscianum
3672 1555 3772 1637 ιι),
3834 1559 3954 1623 sed
3997 1576 4063 1625 et

2524 1671 2658 1719 tum
2739 1657 2946 1739 major
3029 1677 3375 1733 excessus,
3435 1680 3626 1744 quam
3690 1661 3802 1746 qui
3860 1662 4061 1725 histo·

2522 1760 2731 1821 ricum
2803 1758 3181 1821 adcuratum
3235 1760 3472 1843 fugere
3535 1761 3872 1828 debuerat.
3947 1763 4063 1828 Se-

2522 1860 2805 1922 cundum
2895 1858 3232 1923 oraculum
3294 1861 3502 1937 Livii,
3576 1864 3628 1925 si
3709 1862 4057 1927 lectionem

2522 1972 2797 2045 quatuor
2832 1965 2978 2041 fere
3021 1965 3429 2025 denariorum
3474 1963 3902 2049 recipiamus,
3946 1987 4061 2029 nu-

2524 2085 2665 2125 mus
2726 2062 2980 2123 Atticus
3044 2064 3560 2150 tetradrschmus
3634 2087 3721 2129 ne
3787 2081 4062 2152 quatuor

2528 2162 2793 2246 quidem
2842 2162 3146 2226 denarios
3197 2166 3394 2247 plene
3441 2161 3781 2251 adpendit.⁷
3814 2171 4057 2236 Verum

2523 2261 2818 2330 instituto
2897 2266 3195 2328 examine
3254 2288 3403 2330 cum
3465 2266 3912 2351 integerrimis
3972 2283 4063 2333 te·

2526 2366 2950 2430 tradracbmis
3024 2366 3258 2430 Atticis
3336 2368 3546 2431 musei
3620 2370 3924 2433 Caesarei
3994 2384 4063 2435 et

2525 2466 2811 2531 denariis
2839 2468 3191 2551 Augusteis
3227 2473 3472 2553 reperi,
3513 2471 4063 2536 tetradracbmum

2525 2589 2725 2651 super
2783 2584 3063 2653 quatuor
3106 2568 3411 2634 denarios
3456 2571 3834 2657 adpendere
3880 2574 4063 2656 quasi

2524 2671 2899 2742 semissem,
2947 2689 3064 2733 seu
3099 2670 3489 2756 quinarium.
3533 2677 3744 2737 Recte
3777 2671 3952 2734 istud
3983 2692 4065 2736 ex

2521 2770 2755 2835 tradita
2812 2770 2970 2838 alibi
3033 2770 3349 2835 doctrina·
3393 2774 3475 2836 de
3536 2775 3789 2838 ratione
3838 2776 4069 2860 drach-

2525 2892 2670 2936 mae
2724 2886 2792 2936 et
2864 2871 3155 2952 denarii,
3224 2874 3578 2940 secundum
3632 2898 3825 2962 quam
3870 2877 4065 2940 dena-

2523 2978 2660 3038 rius
2721 2995 2793 3037 se
2845 2974 3041 3038 habet
3092 2976 3175 3037 ad
3215 2975 3588 3049 drachmam
3626 2981 3909 3041 Atticam
3968 2977 4061 3042 fe·

2524 3100 2599 3141 re
2644 3092 2717 3140 ut
2762 3076 2803 3140 8
2850 3076 2933 3141 ad
2973 3097 3034 3160 9.
3100 3076 3264 3141 Nam
3317 3098 3467 3143 cum
3517 3078 4065 3146 tetradrachmum

2525 3180 2810 3244 Atticum
2872 3177 3195 3264 adpendat
3248 3179 3552 3245 denarios
3595 3190 3713 3259 Διὶ,
3770 3201 3887 3245 seu
3933 3184 4068 3267 qui-

2525 3280 2745 3344 narios
2806 3302 2882 3364 9,
2945 3303 3027 3345 ex
3090 3283 3217 3343 boc
3287 3278 3482 3345 ctiam
3540 3284 3607 3345 in
3671 3284 4070 3347 tetradrach·

2529 3402 2637 3445 mo
2684 3383 2907 3465 partis,
2927 3403 3139 3447 nonae
3183 3401 3459 3447 excessu
3519 3382 3793 3467 egregie
3839 3380 4111 3449 confir-'

2530 3499 2743 3547 matur
2802 3499 3162 3547 memorata
3209 3486 3376 3547 ratio
3419 3485 3671 3547 denarii
3713 3484 3794 3546 ad
3839 3486 4069 3552 drach·

891 3589 1063 3665 „fere
1124 3588 1580 3653 censebantur.
1641 3586 1922 3662 Dicere,
1968 3586 2308 3673 ignorasse
2352 3588 2459 3648 Li·
2533 3607 2704 3649 mam
2749 3600 2821 3648 ut
2859 3588 2901 3649 8
2944 3583 3026 3649 ad
3066 3595 3130 3669 9.
3178 3587 3409 3651 Vtrum
3456 3586 3790 3649 Livianam
3847 3587 4072 3653 lectio·

917 3693 1097 3759 vium
1137 3693 1238 3754 rei
1287 3690 1684 3753 monetariae
1726 3689 2101 3773 negotium,
2148 3712 2278 3775 quo
2329 3709 2460 3752 uno
2531 3708 2680 3752 nem
2737 3700 2887 3772 apte
2926 3686 3242 3751 defendat
3274 3689 3360 3752 cl.
3397 3687 3638 3770 Dupuy
3671 3690 3765 3770 θ),
3810 3711 4072 3775 magno·

920 3790 1209 3856 Gordius
1262 3792 1371 3855 hic
1420 3789 1631 3853 nodus
1691 3790 2066 3872 planissime
2125 3791 2464 3856 resecaba·
2536 3811 2695 3875 pere
2726 3789 2978 3866 dubito,
3023 3789 3141 3853 sed
3174 3789 3350 3874 quod
3385 3809 3559 3852 nunc
3588 3792 3904 3875 expedire
3939 3815 4067 3858 non

920 3902 1071 3968 tur,
1127 3891 1370 3976 religio
1410 3891 1555 3955 fuit.
1643 3892 1827 3974 Ergo
1867 3886 2013 3955 ‘aliis
2057 3893 2299 3966 visum,
2351 3893 2463 3954 de‘·
2537 3904 2740 3957 vacat.
2785 3888 2916 3953 Sed
2943 3911 3109 3974 quae
3135 3890 3218 3953 ad
3247 3894 3611 3955 accuratius
3639 3893 3833 3978 hujus
3855 3915 4079 3976 mone-

921 3995 1174 4058 narium
1220 3995 1342 4056 ino
1385 4007 1689 4077 tempore
1740 3992 1942 4056 fuisse
1996 3992 2348 4058 drachmae
2397 4005 2466 4055 et
2537 4010 2643 4057 tae
2687 3992 3330 4078 ponduspertinent,
3367 3991 3516 4056 vide
3562 4014 3643 4057 ex
3673 3986 4078 4061 cL‘Barthe·

922 4095 1182 4160 trientis
1239 4095 1575 4181 pondere,
1635 4092 1780 4169 alii,
1836 4116 1957 4179 pro
2006 4099 2199 4159 trium
2241 4096 2465 4180 legen·
2537 4094 2738 4179 lemyi
2783 4093 3077 4157 doctrina
3113 4095 3540 4179 propositajn
3573 4095 4076 4179 Prolegomenis

927 4196 1083 4262 dum
1140 4203 1448 4282 quartuor
1484 4199 1626 4276 fere
1665 4198 2471 4261 denariorum'censuere.
2538 4197 2622 4263 ad
2669 4200 2799 4263 hoc
2849 4217 3012 4282 opus
3056 4193 3472 4282 generalibus
3504 4196 3657 4265 Vol.
3702 4199 3750 4259 1.
3783 4220 3929 4283 cap.
3963 4203 4076 4266 tx.

1163 4503 1224 4581 b)
1263 4505 1337 4566 Τ.
1363 4510 1413 4569 1.
1428 4525 1493 4584 Ρ.
1509 4525 1582 4571 m.
1600 4510 1731 4572 214·
1830 4506 1888 4579 c)
1904 4503 1968 4564 L.
1986 4505 2264 4568 XXXIV.
2280 4525 2338 4563 c·
2353 4512 2445 4567 52.
2538 4501 2605 4577 d)
2627 4502 2873 4565 Putsch·
2891 4522 2958 4580 p.
2977 4506 3140 4568 1349.
3244 4503 3302 4577 ο)
3318 4503 3464 4564 Β.Ῑ..
3482 4504 3554 4563 Τ.
3569 4502 3930 4585 xxanp.
3947 4510 4076 4571 698.
