4575 5850
1352 337 1746 412 REGES
1847 333 2696 441 MACEDQNJAE.
3158 402 3185 415 ,,
3504 355 3599 434 9²

446 528 569 581 cet
619 511 896 586 Strabo,
970 530 1123 574 cum
1193 520 1462 586 narrat,
1526 509 1701 571 hunc
1777 530 2007 594 regem

447 631 614 700 post
669 634 953 699 pugnam
1007 610 1089 673 ad
1143 608 1498 675 Granicum
1539 611 1623 673 ad
1668 612 2008 687 Minervae

448 718 784 802 templum
803 761 820 791 ‚
882 712 1059 799 quod
1100 712 1273 801 apud
1322 713 1513 791 Ilium
1570 714 1796 788 stetit,
1861 731 2011 795 pro·

440 818 760 896 fectum,
825 812 1178 897 multisque
1237 811 1405 897 illud
1448 814 1736 895 donariis
1801 813 2010 876 auxis-

445 940 529 981 se
573 919 684 999 ιιἱ).
751 916 1024 980 Factum
1055 910 1228 975 istud
1263 929 1412 977 ante
1447 913 1686 977 dictam
1722 934 2005 999 pugnam

439 1020 772 1106 perhibet
833 1014 1166 1079 Diodorus
1210 1016 1294 1091 ¹²).
1371 1018 1460 1076 Et
1516 1029 1658 1087 erat
1704 1015 2009 1078 Macedo-

442 1120 608 1184 niae
683 1119 956 1202 regibus
1027 1134 1218 1179 causa
1292 1127 1496 1191 vetus⁸
1559 1114 2009 1199 observandae

446 1222 847 1295 Minervae,
925 1216 1105 1303 quod
1160 1212 1242 1279 ad
1282 1217 1686 1285 Herculem=
1723 1230 1792 1279 et
1850 1218 2012 1278 Per-

446 1342 651 1387 seum
690 1340 900 1405 genus
926 1339 1115 1381 suum
1147 1317 1482 1395 retulere,
1526 1336 1720 1399 quem
1769 1331 2016 1389 utrum-

446 1441 593 1508 que
677 1419 745 1481 in
823 1418 1109 1480 Palladis
1184 1416 1389 1481 fuisse
1468 1421 1672 1482 tutela
1736 1432 2036 1501 constat„

453 1521 699 1615 Quare
773 1531 842 1581 et
915 1520 982 1581 in
1054 1518 1242 1600 regia
1315 1510 1481 1582 urbe
1533 1521 1723 1583 Pella
1799 1518 1878 1583 ab
1937 1519 2018 1582 iis

450 1620 884 1701 aedificatum
933 1620 1248 1706 templum
1302 1623 1642 1684 Minervae
1673 1665 1690 1698 ,
1749 1621 1852 1683 cui
1912 1642 2021 1684 co·

452 1741 762 1810 gnomen
811 1720 1091 1785 *Alcidae
1148 1721 1307 1799 fuit,
1375 1737 1441 1785 et
1499 1724 1607 1786 cui
1663 1743 1701 1784 a
1767 1722 2018 1784 Perseo

454 1843 641 1909 rege
701 1837 849 1886 ante
908 1842 1196 1908 pugnam
1252 1843 1399 1887 cum
1431 1823 1742 1887 Romanis
1788 1823 1857 1890 C.
1904 1823 2020 1885 ho-

453 1927 618 1989 stiis
681 1907 1119 1988 sacrificatum
1174 1938 1396 1987 narrat
1442 1924 1669 1986 Livius
1715 1928 1793 2003 ⁰).
1867 1926 2017 2007 Ipse

453 2046 638 2091 vero
697 2023 1117 2099 Alexander,
1192 2026 1373 2099 ntjn
1422 2024 1565 2107 ejus
1623 2040 2020 2089 commenta·

449 2129 584 2193 riis
644 2140 798 2211 post
839 2139 1121 2188 mortem
1159 2137 1537 2211 repertum,
1580 2124 1728 2189 hina
1757 2128 1820 2191 ei
1857 2141 2020 2212 tem·

448 2230 574 2313 pla
649 2227 903 2309 magnis
958 2225 1322 2309 sumptibus
1384 2229 1778 2293 exstruenda
1821 2228 2018 2299 desti-

450 2342 765 2406 naverat,
811 2347 1012 2390 unum
1039 2327 1234 2413 *apud
1274 2326 1491 2405 Ilium,
1532 2329 1811 2392 alterum
1848 2332 2019 2413 apud

453 2413 1273 2512 Cyrrhum'Macedoniae
1320 2432 1399 2507 Ρ).
1459 2427 1673 2513 Atque
1716 2433 2018 2513 cognitus

453 2532 577 2596 hie
668 2529 1032 2595 Alexandri
1116 2527 1184 2589 in
1268 2529 1631 2592 Minervam
1723 2531 2019 2597 adfectus

453 2653 669 2701 causa
745 2630 1010 2694 videtur
1062 2627 1270 2692 fuisse
1301 2671 1320 2706 ,
1400 2651 1520 2693 cur
1582 2634 1891 2696 Craterus
1949 2634 2015 2695 in

336 2750 346 2765 ·
453 2732 732 2818 praelio
774 2732 1090 2797 adversus
1117 2733 1482 2795 Eumenem
1526 2747 1843 2797 tesseram
1890 2733 2023 2797 suis

458 2831 743 2899 dederit
823 2835 1191 2896 Minervam
1277 2846 1347 2896 et
1428 2834 1871 2899 Alexandrum
1939 2839 2020 2915 (1),

455 2937 695 3002 Fuere
728 2979 748 3014 ,
814 2937 930 3022 qui
986 2948 1181 3018 caput
1238 2935 1309 2996 in
1371 2934 1606 3000 horum
1670 2958 2017 3002 numorum

456 3038 690 3102 antica
753 3036 1164 3121 propositum
1226 3055 1370 3098 esse
1415 3036 1617 3122 ipsius
1661 3037 2021 3102 Alexandri

457 3151 823 3224 putarunt,
869 3157 1035 3221 quae
1078 3137 1401 3200 sententia
1447 3136 1701 3219 pridem
1755 3140 2027 3223 explosa

464 3239 684 3305 hodie
721 3237 1008 3328 *nonnisi
1068 3238 1240 3321 apud
1296 3237 1451 3300 illos
1503 3237 1877 3324 perfugium
1924 3261 2031 3304 re·

457 3343 681 3429 perit,
713 3340 968 3426 -qnibus
1009 3338 1512 3403 novissimorum
1557 3339 1712 3403 artis
1754 3356 2019 3406 nostrae

462 3444 945 3529 magistrorum
997 3439 1490 3503 lucubrationes
1541 3455 1689 3505 sunt
1738 3443 2023 3529 ignotae.

458 3547 706 3610 Potius
778 3540 1144 3618 tenendum.
1213 3542 1516 3621 videtur,
1572 3565 1703 3607 non
1762 3559 2019 3610 exstare

462 3659 734 3726 certum
796 3643 1159 3706 Alexandri
1231 3664 1500 3707 numum
1574 3645 1717 3729 ejus
1789 3644 2019 3732 effigie

460 3747 857 3834 insignem,
925 3746 1039 3831 qni
1100 3743 1275 3806 illins
1341 3744 1554 3809 adhuc
1608 3746 1745 3834 vivi
1805 3761 2017 3810 aetate

465 3848 771 3936 signatus
802 3850 907 3924 sit,
941 3847 1025 3911 de
1058 3865 1189 3933 quo
1218 3861 1452 3930 agetur
1482 3847 1549 3907 in
1572 3847 2017 3930 sequentibus.

2131 508 2449 571 ‘Palladis
2511 502 2718 570 cultu'i
2774 501 3162 588 impensiori
3205 504 3488 572 sociasse
3532 509 3626 575 al-

2077 624 2295 673 terum
2327 608 2683 688 Victoria—e,
2732 605 2901 669 binis
2951 605 3117 670 locis
3154 618 3434 675 testatur
3464 612 3625 674 Cur.

2077 713 2230 786 tius,
2291 728 2458 794 quse
2504 709 2633 792 jam
2677 707 3100 773 adverterunt
3134 709 3465 775 eruditum
3496 716 3630 776 Be·

2082 833 2313 897 gerum
2337 854 2368 885 ,,
2399 811 2708 875 nimirum
2760 823 2907 872 ante
2940 809 3266 894 praelium
3307 812 3389 875 ad
3419 815 3628 878 Issum

2080 918 2307 976 Jovem
2328 954 2347 988 ,
2423 915 2810 987 Minervam,
2887 916 3363 997 Victoriamque
3416 920 3637 995 propt·-

2083 1019 2317 1075 tt‘atum
2358 1012 2441 1091 ιι·).
2526 1010 2706 1073 Alibi
2779 1016 3075 1095 victimas
3148 1017 3480 1079 Minervae
3549 1038 3634 1081 ac

2089 1116 2417 1174 Victoriae
2454 1130 2677 1173 caesas
2719 1112 2928 1176 refert
2970 1115 3047 1191 ⁸).
3116 1111 3309 1176 Addo
3368 1116 3630 1200 insigne

2083 1213 2533 1275 testimonium
2592 1211 2770 1274 aliud
2832 1232 2914 1275 ex
2964 1213 3303 1279 Athenaeo
3366 1237 3634 1281 narran·

2088 1328 2154 1378 te
2192 1358 2211 1390 ,
2285 1317 2355 1377 in
2418 1313 2675 1391 celebri
2718 1313 3083 1377 Ptolemaei
3134 1334 3375 1400 pompa
3419 1322 3640 1384 tradu-

2089 1430 2265 1480 ctum
2317 1436 2585 1479 currum
2625 1416 2721 1495 ab,
2756 1415 3121 1500 elephantis
3176 1429 3452 1481 tractum
3482 1465 3501 1497 ‚
3564 1421 3633 1484 in

2088 1537 2220 1604 quo
2281 1531 2425 1580 erat
2486 1536 2756 1583 aureum
2803 1515 3165 1579 Alexandri
3214 1519 3471 1603 signum
3520 1521 3631 1586 ad·

2089 1619 2469 1681 sistentibus
2499 1619 2807 1703 utrinque
2822 1617 3119 1684 Victoria
3150 1632 3219 1682 et.
3244 1619 3512 1685 Pallade
3558 1622 3635 1706 t).

2089 1720 2451 1785 Enimvero
2526 1741 2670 1783 cum
2745 1717 2902 1781 inde
2977 1740 3013 1780 a
3067 1738 3279 1802 puero
3341 1722 3632 1785 omnium

2088 1822 2370 1907 primam
2446 1817 2721 1905 duceret
2786 1811 3057 1881 'laudem
3113 1821 3297 1884 bello
3355 1839 3633 1907 partam,

2091 1921 2244 1985 huic
2304 1920 2466 1986 deae
2531 1919 2911 2003 cumprimis
2965 1921 3283 1984 litandum
3344 1923 3489 1988 fnit.
3547 1924 3637 1989 At

2087 2044 2210 2087 cur
2258 2023 2491 2086 eadem
2536 2022 2831 2089 Victoria
2877 2023 3231 2089 tridentem
3284 2044 3482 2088 mann
3524 2044 3639 2109 ge·

2090 2137 2250 2198 stet,
2314 2144 2465 2188 cum
2515 2125 2598 2187 de
2641 2124 2939 2193 Victoria
2982 2125 3125 2208 ejus
3177 2127 3359 2211 regis
3388 2126 3637 2190 mariti·

2089 2244 2194 2287 ma
2238 2224 2514 2308 alicujus
2554 2225 2871 2321 momenti
2922 2247 3057 2289 non
3100 2241 3395 2303 constet,
3440 2218 3652 2314 quae-

2090 2327 2311 2394 situm.
2357 2325 2655 2413 opinor,
2699 2328 2866 2391 nihil
2913 2327 3091 2392 aliud
3131 2340 3456 2413 perpetuo
3506 2330 3637 2394 hoc

2089 2442 2248 2512 typo
2300 2428 2575 2495 indicari
2607 2474 2626 2505 ‚
2700 2429 2903 2515 'quam
2953 2431 3262 2496 victorias
3326 2443 3641 2495 transma-

2090 2529 2263 2595 rinas
2326 2529 2409 2593 ab
2464 2531 2840 2596 Alexandro
2903 2530 3058 2596 inde
3125 2555 3163 2596 a
3216 2534 3410 2618 regni
3459 2532 3640 2597 aditu

2087 2630 2375 2716 primum
2409 2632 2690 2694 intentas
2711 2675 2728 2704 ‚
2774 2629 3015 2696 deinde
3049 2633 3394 2718 quaesitus.

2178 2733 2431 2797 Minuta
2481 2733 2825 2810 attributa,
2886 2747 3480 2816 monogrammata,
3527 2752 3643 2797 vo·

2095 2831 2476 2897 cabulorum
2526 2835 2746 2912 initia,
2791 2853 2955 2919 quae
3006 2834 3247 2896 horum
3288 2838 3635 2896 num‘orum

2094 2955 2310 2998 aream
2357 2934 2645 3020 insident
2677 2979 2694 3012 ‚
2754 2936 3330 3021 explicatamque
3376 2935 3643 3001 evolve·

2090 3056 2204 3114 re,
2249 3037 2776 3119 conjecturarum
2822 3060 2988 3126 opus
3033 3051 3133 3102 est
3175 3061 3215 3103 a
3259 3057 3412 3101 meo
3456 3038 3643 3101 insti-

2097 3152 2237 3200 tuto
2273 3160 2561 3221 prorsus„
2582 3141 2894 3203 alienum.
2978 3211 2985 3228 ὁ

2179 3242 2416 3310 Vtrum
2469 3261 2617 3303 cum
2668 3237 2903 3303 iisdem
2954 3239 3264 3326 utrinqne
3316 3241 3490 3325 typis
3533 3259 3644 3305 ex·

2098 3335 2273 3407 stent
2319 3344 2501 3405 numi
2559 3342 2892 3426 argentei,
2938 3345 3169 3426 quaeri
3211 3355 3450 3429 potest.
3511 3347 3645 3409 Re·
3694 3380 3699 3385 ·

2097 3464 2253 3508 vera
2303 3444 2542 3508 horum
2591 3463 2759 3506 unus
2815 3445 3052 3534 tertiae
3096 3443 3351 3509 formae
3411 3458 3513 3509 est
3571 3446 3642 3511 in

2093 3564 2324 3608 museo
2370 3547 2715 3610 Caesareo.
2758 3546 3011 3613 Verum
3057 3565 3205 3610 cum
3253 3547 3365 3611 hic
3416 3548 3641 3632 operis

2092 3646 2175 3709 sit
2226 3648 2537 3711 ‘nonnihil
2604 3645 2873 3733 maligni
2904 3693 2921 3725 ,
3000 3661 3070 3709 et
3126 3649 3283 3712 satis
3322 3649 3641 3714 barbarae
3761 3674 3765 3677 ’

2078 3748 2486 3832 ¹epigraphes
2550 3746 2785 3811 literae
2815 3791 2835 3825 ‚
2925 3749 3285 3813 verisimile
3350 3750 3639 3827 videtur,

2087 3850 2294 3914 fuisse
2340 3849 2498 3913 olim
2547 3869 2672 3936 per
2713 3848 3013 3914 fraudem
3055 3871 3217 3944 aurp
3260 3849 3640 3931 obductum,

685 4169 1192 4278 n)'1,.x111.p.
1237 4217 1314 4256 m.
1357 4204 1485 4263 aas.
1657 4199 2361 4274 n)‘L.XV11.e.17.18.
2536 4198 2901 4274 03L.x1.11.
2937 4209 3113 4264 ψει.
3283 4204 3351 4275 ι»)
3390 4198 3642 4264 monor.

469 4287 804 4354 L-xvm.
844 4311 892 4349 c.
929 4296 983 4355 4.
1160 4289 1413 4364 q3P1ut.
1453 4288 1515 4347 in
1550 4289 1811 4352 Eumene
1848 4313 1986 4372 cap.
2024 4298 2078 4354 6.

465 4379 550 4444 V·
588 4400 659 4459 p.
698 4400 774 4439 m.
817 4388 950 4460 202.

546 4479 732 4555 (701.
773 4479 907 4553 11.)

2255 4292 2313 4363 r>
2345 4293 2413 4352 L.
2444 4289 2719 4356 1v.0.1³.
2901 4290 3368 4360 ·)L.v111.e.2.
3498 4293 3643 4368 qt..

3167 4480 3227 4543 N
