4575 5850
1286 537 2517 615 BI'THYNIAJ

301 708 579 798 =qusrios
646 705 1041 792 Lycaoniae.
1141 705 1246 768 Ad
1318 706 1507 793 quani
1592 730 1678 772 ex
1751 709 1854 773 his

309 815 610 897 quinque
679 809 1052 894 pertineant
1125 806 1307 869 numi
1380 810 1475 873 sic
1533 811 1853 895 inscripti,

314 910 837 997 disquirendum.
927 908 1136 1000 Quam
1180 910 1465 992 quintam
1495 910 1651 980 dixi,
1697 933 1861 973 nun·

317 1038 510 1102 quam
561 1013 846 1086 exstitit,
892 1010 1016 1071 nisi
1052 1032 1176 1094 per
1225 1011 1671 1094 conjecturam
1702 1031 1857 1073 non-

314 1117 654 1181 nullorum
727 1114 1277 1198 antiquariorum,
1340 1129 1410 1177 ut
1483 1114 1549 1175 in
1613 1114 1898 1194 Lycao·v

316 1222 424 1281 nia
493 1214 937 1301 probabimus.
1025 1213 1272 1308 Quarta
1349 1213 1611 1278 videtur
1692 1212 1861 1285 ultra

315 1316 482 1381 fines
554 1317 733 1381 orbis
808 1314 1245 1379 numismatici
1306 1318 1536 1401 posita.
1637 1313 1861 1376 Tertia

322 1420 617 1489 Galatiae
678 1418 732 1479 si
789 1437 1073 1501 unquam
1135 1416 1294 1493 fuit,
1355 1416 1660 1501 ignobilis
1719 1415 1863 1490 fuit,

324 1535 389 1582 et
448 1521 563 1582 uni
606 1518 990 1581 Ptolemaeo
1048 1532 1239 1595 nota,
1285 1531 1354 1580 et
1393 1516 1569 1582 forte
1613 1517 1693 1580 ab
1738 1518 1863 1578 hoc

322 1641 470 1684 cum
526 1620 735 1684 altera
795 1618 1140 1700 Bithyniae
1197 1620 1503 1694 confusa,
1572 1631 1660 1703 ut,
1682 1630 1868 1700 putat

325 1722 671 1788 cellarius.
778 1721 1052 1783 Restant
1120 1720 1323 1802 igitur
1385 1717 1551 1781 duae
1603 1719 1768 1781 aliae
1825 1741 1866 1782 a

324 1845 431 1887 me
476 1825 691 1911 primo
734 1823 887 1886 loco
930 1819 1204 1903 positae.
1278 1822 1427 1882 Non
1471 1819 1869 1900 ignoscenda

325 1928 395 1987 in
440 1924 634 2007 hujus
678 1923 857 1985 urbis
900 1920 1113 1984 numis
1143 1923 1566 1985 recensendis
1583 1922 1871 1987 Vaillan·

219 2043 238 2056 ·
328 2026 406 2087 tii
464 2024 839 2099 oscitantia,
909 2042 1057 2085 cum
1120 2023 1310 2098 illos,
1369 2045 1532 2108 quos
1605 2024 1672 2084 in
1748 2042 1868 2084 suo

325 2126 732 2189 Graecorum
782 2142 1129 2186 numorum
1176 2145 1382 2206 opere
1431 2148 1582 2212 pag.
1628 2123 1730 2188 23.
1766 2124 1871 2197 34.

321 2239 427 2303 4²·
499 2248 664 2297 esne=
703 2223 1153 2308 Claudiopolis
1216 2227 1561 2309 Bithyniae
1609 2223 1907 2301 adserit‚'

325 2329 598 2393 eosdem
658 2349 810 2412 pag.
878 2328 1016 2408 ¹93·
1075 2328 1268 2389 alteri
1313 2326 1633 2392 Isauricae
1676 2326 1876 2408 largi-

325 2443 477 2505 tur,
537 2444 608 2492 ut
666 2431 831 2490 adeo
892 2428 1046 2492 satis
1089 2442 1433 2515 appareat,
1482 2427 1869 2491 sententiam

324 2531 409 2595 ab
439 2552 520 2594 eo
552 2533 870 2616 prolatam
908 2542 1159 2593 temere
1210 2544 1277 2592 et
1313 2530 1706 2594 inconsulto.
1749 2533 1874 2592 Eo·

329 2635 483 2696 dem
530 2633 726 2694 modo
758 2631 1133 2699 Hal-duinus
1179 2631 1357 2695 nulla
1404 2646 1583 2697 certa
1619 2631 1871 2694 ratione

327 2734 498 2796 alios
548 2733 613 2793 in
664 2731 1073 2811 Bithyniam,
1134 2734 1201 2795 in
1248 2735 1642 2816 Lycaoniam
1708 2733 1871 2795 alios

327 2846 542 2898 vocat.
604 2834 869 2897 Patinus
911 2835 1269 2898 Domitiani
1318 2855 1620 2911 numum,
1674 2855 1869 2920 quem

326 2938 542 2999 solum
603 2937 795 3012 citat„
852 2940 916 2999 in
961 2938 1270 3001 Isauriam
1305 2936 1634 3006 transfert.
1723 2941 1920 3032 Non·

324 3037 783 3120 expenderunt
837 3038 973 3114 illi,
1034 3038 1266 3123 quibus
1316 3041 1561 3102 Isauria
1605 3040 1874 3123 placuit,

326 3136 649 3200 disertum
683 3136 1005 3201 Ammiani
1034 3139 1537 3227 locumagentia
1575 3137 1656 3200 de
1687 3140 1875 3205 Clau-

331 3235 586 3320 diopoli
638 3237 921 3301 Isauriae
968 3238 1071 3322 d):
1145 3263 1342 3325 quam
1397 3243 1673 3304 'deduxit
1717 3245 1884 3306 colo·

343 3343 525 3402 m‘am
558 3345 859 3403 Claudius
904 3346 1159 3409 Caesar.
1202 3342 1388 3425 Ergo
1418 3343 1482 3404 in
1516 3343 1727 3405 numia
1758 3343 1883 3419 his,

335 3440 452 3524 qui
477 3460 704 3503 omnes
740 3453 887 3501 sunt
917 3441 1187 3505 Claudio
1221 3446 1662 3527 posteriores,
1691 3444 1888 3506 omis-

343 3563 413 3605 sa
455 3562 587 3605 non
620 3555 795 3605 esset
835 3529 1133 3605 coloniae
1173 3542 1450 3622 mentio,
1497 3546 1552 3608 si
1595 3543 1676 3608 ad
1719 3546 1884 3608 hanc

336 3643 623 3705 Isauriae
656 3642 1113 3725 Claudiopolin
1150 3646 1576 3724 pertinerent.
1654 3644 1878 3743 Quare

334 3757 483 3808 tuto
547 3758 775 3807 omnes
814 3744 1228 3829 Claudiopoli
1276 3743 1657 3827 Bithyniae,
1714 3766 1881 3829 quae

339 3867 469 3908 una
508 3845 722 3910 adhuc
768 3858 1000 3922 restat,
1045 3845 1242 3908 tribui
1275 3859 1579 3929 possunt,
1623 3859 1695 3907 ut
1729 3865 1883 3909 sane

345 3946 531 4008 numi
609 3947 990 4032 Vespasiani
1046 3946 1345 4031 inscripti
1418 3940 1885 4025 KAATAIO„

340 4058 413 4108 et
458 4065 605 4109 cum
651 4048 922 4112 nomine
960 4049 1054 4111 Μ.
1103 4048 1354 4110 Plancii
1385 4048 1564 4114 'Vari
1600 4066 1885 4132 procos„

345 4145 438 4224 de·
477 4148 713 4231 quihus
758 4150 1013 4233 egimus
1043 4170 1236 4234 supra
1279 4150 1346 4212 in
1394 4147 1883 4232 prolegomenis

336 4250 722 4333 Bithyniae,
781 4247 1197 4335 Claudiopoli
1233 4262 1506 4315 nostrae
1553 4250 1720 4335 eripi
1771 4270 1885 4314 ne·

341 4364 615 4435 queunt.

573 4559 639 4637 δ)
675 4565 740 4623 1..
778 4562 942 4626 xlv.
986 4582 1121 4640 esp.
1166 4569 1219 4628 8.

3314 561 3459 632 ΜΠ
3498 556 3525 615 ‘=

2009 709 2209 775 Numi
2276 708 2591 772 hactenus
2660 708 2800 772 noti
2864 730 3024 776 cum
3093 713 3467 799 epigraphe

1931 811 2384 894 Claudiopolis
2444 807 2733 874 offerunt
2795 811 3004 898 capita
3052 812 3473 900 «Vespasiani,

1929 911 2322 985 Domitiani,
2376 912 2733 990 Hadriani,
2796 926 2863 976 et
2909 914 3244 978 Antonini.
3303 920 3470 981 Har·

1931 1015 2165 1077 duinus
2215 1034 2448 1077 numos
2494 1012 2811 1078 Gordiani
2863 1027 2932 1077 et
2982 1013 3473 1096 Tranquillinae

1931 1138 2081 1181 cum
2155 1116 2518 1201 epigraphe
2587 1109 3473 1197 ΚΛΑΤΔῙΟΠΟΛΙΤΩΝ
3548 1174 3561 1185 ,

1933 1217 2262 1302 vulgavit,
2326 1214 2473 1279 sed'
2507 1230 2958 1301 praeterquam
3023 1215 3200 1300 quod
3256 1236 3474 1301 neque

1934 1325 2106 1402 typi,
2149 1337 2365 1399 neque
2415 1319 2623 1380 musei
2673 1319 3072 1380 mentionem
3114 1316 3349 1393 addat,
3390 1336 3477 1381 eo

1936 1422 2129 1483 etiam
2170 1419 2494 1483 claudicat
2538 1416 2741 1493 fides,
2790 1417 2967 1504 quod
3023 1418 3177 1480 inde
3218 1418 3303 1480 ab
3349 1422 3480 1482 Ha·

1937 1521 2205 1595 «hiano,
2270 1533 2340 1580 ut
2401 1541 2553 1583 mox
2613 1521 3015 1596 videbimus,
3057 1520 3242 1582 urbis
3286 1521 3480 1603 hujus

1935 1623 2117 1684 numi
2153 1621 2383 1685 saltem
2427 1620 2596 1685 certi
2623 1643 2853 1696 omnes
2886 1623 3150 1686 nomine
3185 1622 3480 1705 Bithynii

1938 1740 2169 1790 vetere
2209 1721 2446 1805 signati
2479 1734 2648 1786 sunt.
3197 1776 3203 1780 ,

2023 1813 2453 1915 Nece-oratum
2527 1822 2724 1886 etiam
2809 1823 3169 1891 infeliciter
3235 1825 3482 1890 adsenit

1943 1940 2256 2008 uterque,
2324 1938 2392 1987 et
2459 1925 2719 2008 quidem
2797 1925 3172 1990 Harduinus
3227 1946 3310 1990 ex
3369 1950 3519 1995 nu·.

1942 2047 2053 2090 mo
2091 2024 2452 2099 ‘Antoninis
2513 2023 3483 2093 KAAVmosserlTssN.

1944 2126 2008 2189 N
2020 2124 2245 2198 ΕωΚ,
2281 2126 2451 2190 Satis
2485 2141 2627 2190 esto
2663 2125 2745 2188 ad
2779 2126 3228 2191 infirmandam
3263 2126 3486 2206 fidem,

1941 2247 2209 2291 numum
2271 2227 2521 2289 auctori
2581 2247 2712 2291 non
2771 2228 3016 2309 visum,
3075 2228 3198 2292 sed
3239 2231 3487 2314 corrigi

1941 2339 2191 2390 tantum
2249 2325 2586 2395 Occoncm
2645 2327 2979 2410 legentem
3011 2324 3488 2409 ΜΤΔΙΟΠΩ-

1943 2425 2364 2513 ΛΕΙΤΩΝ,
2410 2428 2644 2491 sed'ut
2685 2443 2894 2512 patet,
2918 2450 3071 2493 mon
3113 2431 3180 2492 in
3226 2433 3484 2498 melius.

1943 2528 2334 2595 Vaillantius
2366 2550 2632 2592 numum
2663 2530 3037 2593 caracallae
3074 2533 3352 2615 protulit
3388 2535 3499 2597 *in-

1943 2615 3491 2714 scriptumzKAATAlonoAelTszN.NGss.

1944 2734 2066 2794 Est
2119 2730 2227 2793 hic
2283 2750 2520 2793 numus
2584 2729 2753 2815 apud
2794 2731 3202 2811 Tristanum,
3263 2733 3382 2798 sed
3425 2737 3495 2798 in

1943 2851 2073 2917 quo
2143 2831 2393 2914 legitur
2447 2827 2697 2908 Neo„
2759 2851 2893 2894 non
2950 2830 3225 2910 Nea„
3272 2849 3484 2934 ,atque

1942 2936 2116 2997 hunc
2163 2952 2310 2995 esse
2360 2933 2941 3028 Neoclaudiopolis
2979 2936 3486 3023 Paphlagoniae,

1943 3036 2010 3098 in
2059 3035 2250 3118 hujus
2293 3035 2475 3124 urbis
2520 3034 2732 3097 numis
2777 3038 3022 3104 monui.
3106 3041 3195 3102 Et
3228 3059 3391 3106 vero
3437 3040 3495 3103 si

1944 3136 2110 3199 haec
2150 3137 2305 3197 urbs
2353 3134 2588 3197 fuisset
2631 3155 2953 3215 neocora,
2995 3160 3129 3202 non
3173 3141 3502 3205 omisisset

1943 3236 2146 3322 hujus
2177 3237 2577 3300 mentionem
2618 3235 2890 3301 honori-s
2928 3240 2997 3302 iu
3026 3241 3241 3304 numis
3276 3254 3500 3325 poste·

1952 3338 2242 3401 rioribus
2277 3336 2584 3419 ,Bithynii
2621 3338 2890 3402 nomine
2934 3340 3223 3424 signatis.
3299 3342 3494 3409 Vnde

1956 3438 2287 3520 sequitur,
2346 3452 2568 3500 certos
2606 3438 2800 3522 hujus
2845 3440 3026 3502 urbis
3066 3462 3301 3510 numos
3346 3461 3495 3516 cum
3536 3491 3539 3496 .

1960 3541 2395 3617 Claudiopolis
2424 3538 2689 3610 nomine
2719 3560 2851 3602 non
2881 3540 3136 3625 porrigi
3168 3543 3339 3605 ultra
3362 3542 3496 3604 An·

1951 3640 2281 3714 toninum,
2325 3651 2521 3722 atque
2546 3639 2755 3704 ‘etiam
2786 3642 3121 3725 vulgatum
3156 3641 3348 3725 hujus
3380 3663 3500 3705 nu·

1921 3762 2130 3803 ·mum
2189 3759 2338 3806 esse
2404 3738 2748 3829 ambiguae
2808 3731 3143 3819 fi'dei,ut.
3192 3763 3346 3806 mox
3401 3743 3494 3808 di·

1955 3852 2162 3906 cetur.

2580 4009 2587 4018 a
2638 4011 2644 4017 .
2695 3999 2735 4038 .
2816 4011 2821 4016 .

2547 4045 2697 4088 ‚*.
2824 4042 2866 4082 fi

2043 4154 2301 4232 Epocha
2356 4151 2427 4214 in
2467 4174 2601 4245 uno
2649 4113 2963 4217 hactenus
3012 4171 3213 4223 numo
3264 4117 3500 4242 depre-

1952 4251 2157 4315 hensa
2216 4264 2338 4315 est.
2423 4252 2544 4314 Est
2598 4253 2656 4315 is
2707 4255 3268 4323 Domitianifcum
3325 4275 3497 4324 anns

1857 4419 1860 4422 ,
1931 4349 2180 4442 PMA',
2214 4354 2423 4436 (Mus.
2450 4352 3006 4438 Caes.)1·'luctuat
3047 4377 3212 4446 ergo
3242 4358 3498 4425 initian
