4575 5850
1252 575 1642 699 nEGES
1743 550 2574 667 'MACEDONIAE‘

336 750 508 833 Aug.
569 748 991 835 procuratori
1037 746 1301 829 Syriae:
1370 752 1561 811 dabis
1609 752 1879 812 Claudio

337 857 710 932 Philippeos
768 854 978 914 nostri
1024 852 1239 911 vultus
1282 870 1534 914 annuos
1580 853 1700 913 CL.
1720 894 1738 926 ,
1808 848 1878 910 id

334 965 477 1031 est,
533 972 770 1015 numos
814 972 1052 1015 aureos
1089 951 1424 1020 Valeriani
1471 951 1752 1034 imagine
1783 950 1882 1013 in·

331 1057 580 1141 signes.

420 1159 675 1223 Verum
721 1156 793 1217 in
841 1167 1016 1218 tanta
1076 1156 1427 1220 nu'morum
1488 1153 1710 1239 copia,
1769 1152 1884 1234 qui

332 1252 832 1321 ‹mmrmo‘r
845 1256 961 1323 ‘vel
991 1249 1528 1321 ΒΑΣΙΛΕΩΣ.
1563 1249 1882 1317 ΦΙΛΙΠ-

335 1358 534 1422 ΠΟΤ
578 1357 966 1442 inscriptum
1013 1356 1339 1433 offerunt,
1365 1357 1599 1439 ‘oritur
1635 1356 1881 1439 duplex

336 1462 637 1547 quaestio
691 1459 1023 1545 implicata
1083 1458 1470 1537 admodum,
1528 1460 1578 1523 Ι.
1643 1473 1879 1523 suntne

337 1564 522 1627 numi
567 1581 800 1626 omnes
852 1562 948 1624 sie
1002 1560 1300 1643 inscripti
1347 1560 1541 1645 hujus
1584 1559 1880 1644 Philippi

337 1668 459 1738 11„
538 1680 609 1729 et
667 1686 749 1727 an
807 1683 937 1726 non
998 1664 1234 1726 horum
1294 1682 1446 1747 pars
1498 1663 1880 1726 vindicanda

336 1767 646 1851 Philippo
675 1769 791 1829 111.
836 1763 1176 1835 Aridaeo?
1218 1765 1299 1830 Π.
1345 1764 1443 1828 siu
1472 1763 1670 1841 istud,
1703 1762 1880 1849 quod

337 1870 656 1932 hahemus
713 1888 1056 1947 serenetur,
1128 1887 1256 1950 quo
1302 1867 1642 1951 utriusque
1700 1867 1881 1951 regis

336 1971 515 2032 numi
560 1969 1084 2054 distinguantur?
1131 1970 1433 2054 -Vtraque
1488 1971 1783 2053 quaestio
1845 1991 1881 2031 a

345 2072 680 2157 plerisque
714 2070 1130 2165 ⁸antiquariis
1183 2069 1249 2132 in
1317 2090 1590 2133 examen
1654 2084 1880 2133 vocata

344 2188 408 2239 et
443 2175 632 2238 varie
680 2173 1038 2257 disputata,
1100 2170 1283 2255 cujus
1334 2169 1587 2235 dissidii
1630 2192 1880 2235 summa

316 2276 551 2361 ‘capita
584 2290 653 2339 et
680 2294 801 2336 nos
830 2276 900 2336 in
928 2273 1242 2357 judicium
1274 2272 1674 2338 vocabimus.

416 2376 798 2440 Harduinus
828 2372 926 2458 y),
993 2394 1275 2462 eumque
1318 2387 1586 2439 secutus
1629 2375 1884 2439 Froeli-

347 2481 526 2543 chius
557 2480 619 2561 Ζ)
664 2472 1022 2554 censuere,
1067 2496 1300 2539 numos
1341 2477 1696 2563 inscriptos
1732 2479 1882 2540 sim-

3402 588 3498 667 91

1948 747 2074 812 hus
2115 744 2537 833 praefigitur=
2599 738 2911 816 Βασιλευς
2958 733 3345 835 Μακεδοξων
3380 736 3504 807 Φι-

1950 856 2174 924 λιππος
2205 850 2541 923 Αθηναιων
2574 866 2656 929 τῃ
2693 847 2842 928 fleix„
2887 865 2988 905 και
3021 866 3109 924 τῳ
3136 837 3313 929 δημῳ
3352 868 3497 932 χω.

1953 975 2072 1035 ρει»
2115 953 2211 1036 Ιι),
2271 951 2429 1033 quin
2480 962 2547 1010 et
2592 947 2736 1032 ipse
2780 944 3183 1024 Archelaus,
3243 948 3356 1032 qui
3395 971 3504 1011 an-

1950 1072 2074 1119 nos
2121 1049 2499 1135 complures
2541 1047 2947 1132 Philippum,
2966 1061 3264 1111 nostrum
3317 1072 3505 1134 prae-

1954 1156 2192 1231 cessit,
2238 1153 2319 1218 ab
2362 1150 2683 1234 Euripide
2720 1147 3093 1232 synchrono
3142 1150 3207 1213 in
3260 1155 3501 1236 episto.

1951 1261 2036 1323 lis
2069 1302 2090 1335 ,
2150 1278 2317 1343 quae
2365 1253 2429 1318 ei
2487 1250 2689 1337 vulgo
2740 1248 3167 1327 tribuuntur,
3245 1252 3500 1317 dicatur

1954 1365 2258 1437 βασιλευς.
2342 1359 2593 1428 Verum
2665 1354 2830 1417 haec
2903 1354 3496 1441 quomodocunque

1950 1462 2286 1529 habebunt
2319 1502 2338 1534 ‚
2413 1443 2805 1542 productum
2878 1478 2916 1521 a
2989 1456 3148 1520 viris
3226 1459 3499 1522 eruditis

1953 1565 2308 1630 discrimen
2382 1558 2657 1645 petitum
2716 1559 2797 1622 ab
2853 1558 3286 1644 inscriptione
3359 1553 3501 1620 ‹1³1-

1950 1658 2334 1728 ΛῙΠΠΟΤ
2349 1676 2417 1725 et
2442 1652 2979 1727 ΒΑΣΙΛΕΩΣ.
3000 1653 3497 1722 ΦΙΛΙΠΠΟΤ

1953 1766 2254 1829 obtinere
2296 1783 2431 1826 non
2476 1776 2695 1846 potest
2750 1773 3128 1847 propterea,
3191 1762 3495 1849 quoniam

1953 1882 2234 1951 utroque
2269 1863 2467 1928 modo
2500 1864 2876 1946 promiscue
2907 1860 3355 1935 inscribuntur
3380 1885 3498 1926 nu·

1953 1972 2045 2033 mi
2104 1987 2313 2053 usque
2381 1986 2465 2029 eo
2519 1965 2812 2042 fabrica,
2873 1978 2942 2027 et
3008 1964 3307 2049 pondere
3373 1965 3496 2026 sibi

1952 2071 2199 2135 similes
2228 2116 2247 2148 ,
2307 2082 2379 2132 ut
2437 2086 2715 2130 necesse
2777 2067 2892 2142 sit,
2938 2085 3053 2130 eos
3096 2065 3286 2128 unius
3332 2067 3500 2151 ejus-

1953 2174 2237 2255 demque
2294 2171 2475 2255 regis
2521 2189 2756 2232 numos
2788 2167 3162 2246 habendos,
3206 2154 3334 2230 nisi
3370 2184 3522 2232 ma-‘

1954 2275 2038 2338 lis
2078 2273 2275 2336 etiam
2320 2270 2729 2356 distinguere
2774 2289 3043 2346 aureos,
3118 2282 3500 2352 argenteos-

1954 2396 2084 2462 que
2143 2373 2505 2437 Alexandri
2562 2377 2656 2437 M.
2705 2385 2939 2435 numos
2972 2415 2991 2449 ,
3050 2390 3328 2455 quorum
3386 2371 3497 2433 alii

1955 2476 2346 2559 simpliciter
2384 2466 3057 2545 ΑΛΕΞΑΝΔΡΟΤ,
3105 2472 3215 2535 alii
3245 2469 3499 2533 ΒΑΣΙ-

347 2574 524 2666 plice·
563 2572 1060 2641 ‹blAmno‘r
1119 2597 1265 2641 esse
1313 2578 1696 2644 tribuendos
1731 2578 1892 2642 Phi.
1950 2570 2261 2642 ΛΕΩΣ.
2323 2568 2951 2637 ΑΛΕΞΑΝΔΡΟΤ
3014 2573 3492 2649 inscribuntur,

347 2684 523 2767 lippo
600 2683 707 2758 11„
783 2692 850 2742 at
919 2677 1273 2761 inscriptos
1346 2674 1881 2746 ΒΑΣΙΛΕΩΣ.

351 2777 840 2847 ΦΙΛΙΠΠΟΤ
899 2779 1212 2867 Philippo
1281 2781 1566 2847 Aridaeo
1602 2832 1622 2862 ,
1691 2801 1883 2871 atque

346 2884 517 2949 istud
573 2896 933 2971 propterea
966 2927 983 2960 ,
1043 2880 1220 2969 quod
1275 2882 1527 2969 primus
1585 2887 1885 2953 videatur

344 2989 547 3051 fuisse
619 2983 999 3049 Alexander
1053 2988 1147 3047 M.
1176 3031 1194 3061 ‚
1276 2988 1389 3071 qui
1448 2990 1628 3075 regis
1689 2992 1882 3055 titulo

1955 2697 2024 2746 et
2066 2679 2297 2745 eadem
2342 2676 2733 2763 lege-binos
2761 2675 3173 2740 Alexandros
3221 2677 3497 2742 circum·

1953 2785 2234 2871 spicere.

2037 2884 2343 2950 Aliorum
2398 2879 2643 2968 judicia
2702 2879 2761 2941 si
2815 2889 3074 2961 spectes
3106 2922 3124 2955 ,
3202 2878 3271 2941 hi
3330 2879 3496 2944 adeo

1952 2986 2143 3051 fuere
2200 2987 2267 3050 in
2329 2985 2686 3048 Aridaeum
2736 2981 3088 3058 liberales,
3149 2994 3258 3059 ut,
3321 2983 3498 3066 quod

347 3089 679 3172 propalam
739 3099 916 3152 esset
975 3108 1149 3150 usus.
1216 3091 1508 3155 Necesse
1562 3111 1695 3153 non
1761 3106 1882 3172 est,
1948 3089 2097 3175 jure
2158 3065 2897 3172 queritur'Pellerinius
2929 3128 2949 3159 ,
3010 3083 3121 3166 qui
3173 3084 3502 3168 quaestio-

350 3189 725 3253 refutandae
785 3209 1018 3254 causae
1073 3189 1306 3255 allatae
1364 3191 1725 3257 immorari.
1768 3196 1883 3256 Et-

219 3289 232 3302 “
351 3289 523 3353 enim
560 3290 907 3376 Philippus
956 3295 1076 3370 11.‚
1121 3294 1231 3375 qui
1280 3309 1623 3376 angustum
1667 3296 1886 3359 hacte-

347 3411 468 3455 nus
527 3393 956 3458 Macedoniae
1011 3397 1423 3480 regnumrin
1481 3417 1624 3459 eam
1685 3396 1886 3480 maje-

354 3504 575 3557 statem
652 3495 872 3558 evexit
901 3539 919 3574 ‚
987 3481 1537 3580 quemadmodum
1611 3495 1886 3582 amplifi·

351 3616 500 3660 care
554 3594 719 3658 illud
761 3598 953 3662 novis
994 3598 1458 3676 incrementis,
1503 3598 1596 3662 ita
1639 3597 1884 3662 addere

352 3695 474 3759 sibi
526 3696 785 3760 titulum
844 3701 1058 3781 potuit
1113 3722 1152 3763 a
1200 3699 1555 3785 majoribus
1610 3707 1888 3785 propter

339 3815 548 3882 ‘opum
599 3801 987 3885 tenuitatem
1046 3802 1114 3864 in
1179 3804 1620 3867 monumentis
1672 3802 1888 3887 publi·

348 3902 443 3962 cis
486 3900 793 3964 omissum
814 3945 833 3978 ,
875 3904 1232 3990 praecipue
1262 3926 1412 3969 cum
1444 3904 1626 3989 regis
1661 3905 1884 3988 appel·

347 3999 503 4064 latio
572 4004 629 4066 ei
697 4024 736 4065 a
800 4006 1066 4070 nemine
1115 4007 1511 4090 scriptorum
1560 4022 1882 4082 veterum,

351 4116 422 4167 et
480 4122 573 4166 ne
629 4101 898 4191 quidem
944 4129 980 4170 a
1025 4122 1272 4186 coaevo
1325 4124 1392 4175 et
1437 4108 1705 4174 inimico
1750 4110 1884 4174 De-

347 4206 686 4269 mosthene
730 4221 1124 4291 negaretur,
1167 4212 1309 4294 ipse
1356 4224 1701 4297 praeterea
1729 4210 1883 4273 Phi·

346 4306 570 4392 lippus
602 4309 814 4395 palam
857 4310 1050 4396 regio
1104 4310 1373 4376 nomine
1432 4325 1653 4376 utatur
1703 4295 1772 4376 in
1804 4312 1882 4377 li·

347 4408 509 4471 teris
557 4409 828 4493 puhlicis
865 4411 948 4476 ad
991 4412 1431 4476 Athenienses
1476 4411 1679 4500 datis,
1740 4415 1881 4499 qui·

1951 3211 2104 3252 nem
2149 3190 2319 3254 hanc
2364 3187 2685 3272 prolixius
2733 3184 3003 3274 agitavit
3029 3181 3129 3264 1²),
3169 3186 3281 3250 vix
3316 3185 3501 3250 hahi-

1952 3305 2140 3370 turus
2184 3293 2270 3353 sit
2312 3285 2660 3374 Philippus
2700 3288 2786 3353 Π.
2830 3305 3065 3350 numos
3114 3307 3387 3364 aureos,
3441 3289 3495 3350 si

1952 3393 2137 3457 numi
2179 3391 2229 3454 ii
2273 3412 2538 3468 omnes,
2600 3407 2766 3475 quos
2816 3388 3060 3453 eruditi
3114 3410 3239 3473 per
3287 3388 3499 3452 varias

1956 3496 2370 3582 conjecturas
2405 3492 2692 3556 Aridaeo
2722 3487 3090 3563 vindicant,
3136 3503 3357 3554 essent
3399 3510 3501 3551 re-

1955 3618 2114 3663 vera
2148 3598 2291 3682 ejus
2318 3595 2532 3681 regis,
2576 3613 2724 3656 cum
2754 3605 2970 3656 tamen
2992 3637 3008 3669 ,
3052 3604 3122 3656 vt
3156 3614 3352 3675 supra
3385 3595 3500 3654 do·
3572 3655 3581 3660 ,

1959 3701 2249 3776 cuimus,
2296 3698 2449 3760 satis
2510 3708 2801 3772 constet,
2845 3693 3224 3779 Philippum
3258 3696 3515 3771 Amyn-„

1953 3816 2061 3866 tae
2103 3801 2377 3886 ingente
2438 3798 2626 3882 copia
2679 3818 2911 3859 numos
2968 3815 3205 3860 aureos
3254 3794 3501 3859 feriun-

1956 3904 2075 3966 dos
2132 3922 2422 3967 curasse.
2480 3906 2739 3966 Horum
2765 3897 3022 3963 fallacia
3055 3897 3299 3981 judicia
3346 3898 3499 3962 satis

1955 4024 2098 4070 sese
2126 4005 2266 4091 ipsa
2301 3999 2628 4070 evertunt.

1983 4169 1988 4179 ,
2038 4108 2214 4169 Dum
2271 4105 2550 4191 injurios
2622 4106 2690 4167 in
2746 4102 3125 4189 Philippum
3183 4103 3264 4165 ΙΙ.
3342 4102 3502 4164 enti·

1954 4210 2219 4294 quarios
2280 4209 2584 4294 queritur
2641 4203 3043 4269 Pellerinius
3080 4247 3098 4280 ,
3152 4203 3299 4285 ipse
3361 4223 3545 4293 rur·-

1954 4334 2097 4375 sum
2140 4310 2419 4395 injurius
2462 4323 2563 4374 est
2610 4308 2679 4371 in
2715 4305 3109 4382 Aridaeum,
3162 4325 3309 4369 cum
3357 4304 3500 4368 nul·

1952 4409 2087 4476 lum
2133 4411 2397 4478 videtur
2438 4430 2803 4496 agnoscere
2842 4407 3025 4498 velle
3060 4426 3333 4470 numum
3358 4405 3502 4488 ejus

456 4619 520 4692 5)
559 4620 622 4680 in
643 4599 871 4686 Chrlin.
901 4638 1026 4686 vet.
1049 4638 1185 4686 test.
1213 4647 1274 4706 p.
1300 4633 1429 4693 574.
1461 4631 1521 4702 ⁸)
1554 4627 1695 4690 Not.
1725 4628 1895 4689 elem.
1925 4649 1990 4709 p.
2029 4633 2157 4693 140.
2206 4630 2265 4702 ⁸)
2302 4628 2609 4690 Demosth.
2643 4625 2719 4688 de
2749 4623 3007 4690 Corona·
3050 4620 3117 4696 b)
3156 4619 3318 4679 13⁰5*
3352 4639 3411 4696 P·
3443 4627 3493 4679 7·

2923 4724 3076 4784 Ms
