4575 5850
1523 492 1922 566 ACH

487 659 620 731 Alii
656 669 983 733 variarum
1016 665 1277 730 urbium
1310 663 1573 729 nomina
1615 664 1754 729 sive
1804 664 1945 751 ple·

402 791 523 846 na,
580 769 720 836 sive
757 757 1103 833 'decurtata
1160 765 1565 844 inscribunt,
1615 782 1722 832 utt
1789 763 1944 832 ΣΤ·

404 866 957 948 ΡΑΚΟΣΙΩΝ,
1003 865 1727 932 ΑΜΒΡΑΚΙΩΤΑΝ
1740 915 1760 947 ,
1787 868 1947 931 ΛΟ-

400 970 701 1047 ΚΡΩΝ,
719 966 1115 1047 ΑΡΓΙΩΝ,
1134 970 1243 1034 vel
1261 964 1494 1034 :ATR
1510 968 1716 1033 KOP.
1734 966 1945 1035 AA‘r.

403 1068 625 1139 ΛΕΤ.
655 1087 786 1138 etc.
874 1074 960 1135 At
988 1072 1056 1132 in
1084 1071 1188 1134 his
1215 1086 1592 1136 constanter
1621 1073 1946 1136 omittitur

397 1172 592 1237 litera
646 1172 892 1253 9,etsi
932 1172 1143 1236 literis
1180 1171 1324 1235 aliis
1352 1174 1421 1235 in
1447 1187 1721 1259 utraque
1762 1174 1945 1238 numi

394 1273 567 1338 facie
627 1294 781 1336 suus
828 1275 1244 1357 permittatur
1272 1273 1480 1337 locus.

477 1376 613 1439 Alii
672 1377 815 1441 sine
864 1392 1051 1441 certo
1090 1375 1272 1439 urbis
1312 1374 1614 1452 nomine,
1658 1390 1766 1468 aut
1806 1378 1942 1441 ele-

393 1491 619 1542 mento
706 1477 757 1561 φ
827 1479 1057 1540 literas
1120 1489 1368 1540 tantum
1424 1476 1780 1555 solitarias,
1830 1493 1939 1543 aut

387 1594 950 1664 monogrammata
979 1579 1352 1656 continent,
1385 1591 1489 1642 utz
1520 1574 1612 1640 A.
1656 1579 1741 1645 A.
1780 1578 1942 1648 AN.

395 1695 524 1745 eto·

476 1784 1002 1846 Commemorata
1076 1779 1199 1844 hac
1268 1779 1504 1843 horum
1583 1803 1931 1846 numerum

391 1883 704 1946 varietate
762 1882 1228 1968 inquirendum
1291 1892 1440 1942 aute
1497 1887 1746 1959 omnis,
1805 1906 1932 1970 qua

387 1982 459 2045 in
521 1981 687 2047 urbe
746 1984 1111 2048 verisimile
1158 1984 1242 2046 sit
1284 2001 1635 2067 percussos
1675 2007 1932 2064 numos,

389 2102 554 2167 quos
606 2083 824 2167 primo
873 2085 1056 2168 *loco
1115 2084 1424 2159 recitavi,
1486 2102 1723 2168 nempe
1788 2105 1928 2163 eos,

387 2186 503 2269 qui
556 2184 819 2249 literam
901 2187 954 2270 9
1017 2171 1352 2252 exhibent.
1389 2182 1568 2250 ”Ea'm
1628 2206 1774 2251 esse
1820 2208 1929 2253 ve-

388 2296 494 2347 tus
545 2283 978 2352 Phoenicium
1031 2288 1273 2372 Koph,
1329 2289 1400 2350 in
1469 2288 1653 2372 cujus
1704 2290 1926 2356 locum

386 2391 702 2452 successit
759 2391 865 2466 K,
910 2404 978 2453 et
1027 2389 1142 2454 illa
1187 2388 1463 2458 iudicari
1515 2390 1926 2469 Corinthum,

383 2488 558 2552 inter
620 2508 850 2554 omnes
903 2491 1230 2556 convenit.
1316 2491 1404 2553 At
1446 2491 1697 2555 variant
1748 2494 1929 2557 dein-

386 2590 471 2653 de
500 2596 883 2670 sententiae,
916 2591 1069 2655 (lum
1109 2592 1221 2654 alii
1265 2593 1553 2678 signatos
1596 2614 1711 2657 eos
1754 2595 1924 2679 apud

384 2691 589 2775 ipsam
637 2694 1026 2757 Corinthum
1080 2709 1400 2771 statuunt,
1466 2696 1577 2758 alii
1648 2696 1926 2776 Syracu-

384 2789 508 2865 sis,
565 2803 865 2879 tanquam
926 2793 1235 2858 nimirum
1290 2796 1414 2858 hae
1467 2796 1724 2860 literam
1792 2816 1922 2859 me·

388 2896 663 2979 tropolis
739 2896 1041 2962 Corinthi
1112 2894 1452 2982 ἆρχαωσηυ
1515 2897 1730 2961 numis
1788 2897 1922 2960 suis

373 2994 817 3076 imprimendo
847 3014 1115 3064 tractam
1147 2999 1228 3062 ab
1260 3001 1381 3063 hac
1418 2998 1739 3082 originem
1772 3019 1923 3082 pro-

259 3165 268 3173 ,
375 3096 594 3174 palam
641 3100 1007 3163 voluissent
1058 3100 1377 3185 profiteri.
1462 3101 1567 3162 De
1615 3113 1753 3162 tota
1801 3099 1921 3162 hac

372 3194 530 3271 lite,
585 3218 752 3282 quae
783 3202 849 3262 in
885 3194 1278 3264 hodiernum
1305 3201 1480 3265 diem
1510 3202 1918 3288 eruditorum

367 3300 735 3362 sententias
757 3300 1095 3379 distrahit,
1121 3314 1195 3364 ut
1222 3296 1408 3366 recte
1435 3302 1738 3369 arbitrari
1770 3323 1918 3388 pos·

368 3402 464 3462 sit
522 3400 768 3475 lector,
827 3402 1016 3466 lubet
1083 3405 1457 3468 universam
1526 3422 1785 3468 causam
1848 3404 1917 3467 in

360 3502 564 3587 plura
606 3504 817 3587 capita
863 3503 1264 3589 dispescere.

860 3663 1314 3724 CAPVT
1384 3666 1447 3726 1.

459 3798 585 3860 quo
606 3790 1052 3860 proponuntur
1075 3792 1394 3845 momenta
1418 3801 1637 3844 eorum
1654 3825 1672 3858 ‚
1699 3752 1817 3865 eus·

533 3899 763 3942 numos
789 3884 1038 3945 similes
1067 3885 1368 3947 elemento
1410 3882 1460 3963 9
1493 3894 1748 3947 notatos

814 3985 1108 4045 Corintho
1157 3988 1459 4049 tribuunt.

2021 494 2086 564 A
2184 492 2221 565 Ῑ
2318 498 2405 567 Α.
3410 527 3549 601 245

2009 665 2208 724 πωλον
2260 655 2335 726 δε
2379 687 2449 727 το
2495 684 2761 749 »susem
2791 688 2863 729 το
2892 667 3231 750 Κορινθιον,
3273 674 3371 740 ὅτι
3416 676 3556 758 n,-

2014 780 2214 848 «ymo»
2248 763 2418 852 εἰχε»
2451 762 2924 851 ἕπετυπωμηον,
2966 775 3223 837 Pullum
3260 798 3410 841 vero
3443 802 3557 847 vo·

2017 880 2123 929 cst
2178 890 2439 933 numum
2508 874 2933 960 Coriptln'nm,
3011 877 3179 958 quia·
3239 881 3556 959 Peqasum

2019 969 2402 1047 insculptum
2451 976 2698 1037 habuit.
2784 972 2948 1034 Cum
2994 996 3228 1040 numus
3275 979 3383 1042 hic
3432 984 3556 1048 Co·

2017 1067 2299 1131 rinthius
2367 1084 2615 1134 certam
2676 1071 2756 1134 ab
2817 1073 3098 1157 imagine
3168 1080 3555 1163 appellatio·

2011 1189 2163 1233 nem
2214 1170 2542 1249 habuerit,
2585 1192 2859 1235 necesse
2892 1189 2993 1235 est
3028 1175 3231 1239 fuisse
3265 1180 3551 1260 obvium,

2012 1282 2084 1330 ut
2145 1271 2337 1335 obvia
2388 1271 2515 1334 fuit
2555 1274 2831 1356 pecunia
2872 1275 3324 1356 Atheniensis,
3386 1304 3552 1368 quae

2010 1368 2306 1452 ejusdem
2384 1372 2713 1450 Pollucis,
2786 1372 3197 1461 aliorumque
3258 1383 3553 1450 testimo-

2008 1470 2118 1532 nio
2167 1469 2337 1536 dicta
2385 1488 2488 1536 est
2529 1473 2706 1554 Κορα
2750 1489 2818 1538 et
2863 1477 3091 1561 «γλαυξ.
3144 1482 3362 1565 ·Ergo
3421 1488 3551 1550 nisi

2006 1590 2280 1649 numos,
2325 1572 2410 1637 (le
2453 1574 2688 1660 quibus
2718 1576 2993 1659 agimuS,
3038 1599 3155 1642 eos
3191 1605 3337 1647 esse
3368 1587 3545 1671 ipsos

2007 1683 2399 1751 statuamus,
2446 1694 2610 1760 quos
2652 1674 2764 1740 hic
2810 1675 3052 1743 indicat
3106 1684 3384 1762 Pollux,
3433 1708 3548 1752 ne·

2004 1793 2191 1838 cesse
2259 1788 2395 1856 est,
2455 1789 2564 1838 aut.
2623 1778 2797 1842 hunc
2866 1778 3142 1857 fallere,
3207 1800 3314 1847 aut
3376 1789 3541 1853 alios

2003 1877 2322 1940 Corintho
2352 1877 2864 1961 circumspicere
2883 1899 3116 1945 numos
3133 1886 3368 1969 Pegasi
3391 1889 3544 1951 ima-

2005 1976 2155 2058 gine
2193 1978 2523 2062 insignes,
2558 1992 2624 2041 at
2656 1977 2831 2042 unde
2870 1981 2992 2045 hos
3025 1986 3265 2067 petes?
3294 1988 3545 2053 Drach·

2001 2099 2254 2143 marum
2286 2078 2770 2144 Corinthiarum
2810 2084 3108 2150 meminit
3146 2086 3339 2150 etiam
3368 2091 3546 2153 Thu·

2001 2177 2308 2261 cydides,
2391 2192 2730 2264 tempore,
2810 2183 2989 2265 quod
3042 2183 3288 2249 bellum
3354 2191 3547 2254 Pelo·

1995 2283 2460 2367 ponnesiacum
2507 2283 2823 2366 precessit
2853 2283 2943 2366 Y).
3004 2287 3087 2350 11.
3135 2281 3401 2353 Constat
3449 2293 3546 2355 in·

1998 2398 2103 2448 ter
2152 2383 2512 2465 scriptores
2556 2399 2789 2449 omnes
2835 2382 2918 2448 tle
2962 2386 3207 2449 veteris
3242 2388 3542 2454 Corinthi

1997 2485 2324 2569 potentia,
2414 2482 2931 2565 magnificentia,
2992 2487 3205 2548 *factis
3264 2489 3328 2549 in
3408 2515 3525 2577 gra

1999 2583 2100 2648 via
2142 2584 2352 2661 bella,
2413 2585 2743 2661 colonias,
2790 2586 3349 2665 substructiones,
3396 2615 3542 2657 eer-

1997 2667 2234 2748 tamina
2297 2685 2602 2761 Isthmia,
2682 2688 2893 2749 omnis
2968 2672 3269 2770 generis,
3342 2697 3537 2758 etiam

1999 2806 2082 2849 ex
2137 2786 2561 2851 nobilissimis
2629 2787 2951 2866 metallis,
3026 2792 3337 2855 artefacta
3419 2796 3538 2857 im-

1996 2889 2236 2952 mensis
2303 2887 2706 2973 sumptibus,
2764 2889 2859 2952 sie
2916 2904 2989 2952 ut
3050 2907 3201 2973 post
3245 2895 3533 2963 Athenas

1995 2990 2288 3053 omnium
2350 2989 2671 3056 Graeciae
2728 2991 3040 3075 propriae
3111 2995 3369 3063 urbium
3439 2999 3534 3064 fa·

1994 3088 2123 3153 cile
2170 3090 2479 3175 princeps
2528 3089 2908 3158 haberetur.
3009 3095 3277 3181 Constat
3340 3097 3535 3162 etiam

1990 3190 2167 3253 inter
2234 3211 2388 3267 nos,
2457 3206 2757 3257 veterum
2818 3193 3077 3256 urbium
3133 3195 3533 3262 Graecarum

1990 3291 2334 3356 facultates
2397 3293 2536 3356 sive
2605 3295 2850 3378 amplas
2910 3294 3049 3358 sive
3110 3297 3399 3363 modicas
3447 3320 3534 3363 ex

1990 3393 2359 3479 superstitis
2410 3409 2636 3458 earum
2685 3411 2987 3459 monetae
3030 3393 3169 3459 sive
3216 3400 3403 3483 copia
3451 3402 3535 3463 si-

1987 3515 2069 3559 ve
2133 3496 2353 3580 inopia
2421 3498 2813 3581 plerumque
2872 3497 3308 3581 comprobari.
3398 3501 3530 3565 De-

1985 3618 2130 3659 mus
2173 3597 2490 3662 Corintho
2550 3617 2972 3661 numerosum
3034 3596 3163 3664 hoc
3225 3599 3528 3667 didrach-

1985 3717 2242 3764 morum
2314 3717 2583 3783 agmen,
2655 3713 2728 3762 et
2805 3698 3270 3784 conspirabunt
3324 3703 3523 3769 facile

1984 3799 2289 3867 residuae
2326 3800 2450 3863 hae
2484 3819 2646 3884 opes
2690 3820 2836 3863 cum
2879 3802 3318 3866 concordibus
3366 3809 3528 3871 scri·

1984 3916 2249 3985 ptorum
2306 3902 2604 3965 omnium
2669 3903 2754 3965 de
2813 3903 2957 3986 ejus
3002 3904 3293 3988 potentia
3346 3910 3526 3971 testi·

1979 4002 2235 4067 moniis.
2322 4003 2745 4079 Auferamus,
2806 4018 2873 4067 et
2922 4004 3080 4088 quid
3128 4018 3261 4067 tum
3325 4007 3523 4072 habe-

387 4116 410 4134 ·
447 4098 670 4183 Hujus
713 4102 972 4185 patroni
1002 4102 1628 4185 senteutiaevalidis
1661 4101 1908 4187 aliquot
1979 4103 2194 4169 bimus
2251 4105 2394 4188 ejus
2451 4106 2753 4170 Corinthi
2811 4107 3100 4171 omnium
3151 4107 3395 4192 linguis
3443 4130 3519 4174 ac

348 4204 768 4287 argumentis
799 4202 1118 4270 nituntur.
1145 4205 1202 4269 1.
1239 4204 1909 4270 Testimoniumlucu-
1976 4207 2346 4290 praeconiis
2394 4206 2719 4290 jactatae?
2759 4223 2870 4275 aut
2908 4230 2986 4270 an
3029 4209 3335 4274 numnius
3380 4211 3521 4275 nni·

349 4303 618 4369 lentum
657 4319 756 4368 est
798 4305 1129 4383 Pollucis,
1174 4305 1362 4390 cujus
1388 4307 1590 4372 verba
1624 4318 1772 4370 sunt
1810 4309 1906 4380 *Β
1976 4327 2095 4372 cus
2153 4327 2433 4385 aeneus,
2491 4328 2686 4393 quem
2748 4330 2942 4393 supra
3004 4312 3376 4387 citavimus,
3434 4311 3521 4375 is·

590 4517 652 4586 x)
693 4515 756 4570 L.
795 4515 875 4574 IX
928 4537 982 4577 c·
1012 4516 1118 4575 Vl.
1159 4519 1206 4588 ξ
1249 4528 1318 4580 76

1514 4520 1651 4591 201,
1708 4519 1730 4576 l
1780 4540 1827 4578 c.
1857 4526 1947 4583 27.
