4575 5850
1309 652 1690 742 REGES
1792 665 2603 742 MACEDONIAE.
2724 658 2737 667 ’
2834 672 2839 677 ’
3391 688 3529 755 101

387 837 456 900 ἰιι
494 818 764 900 diarum
810 853 1072 920 quoque
1115 832 1375 899 urbium
1415 839 1631 902 numia
1689 858 1921 905 occur-
1993 837 2154 901 dens
2195 837 2271 919 t).
2331 841 2553 920 Typus
2598 836 2663 897 in
2715 822 3010 920 ejus‚‘et
3054 838 3304 901 'tantum
3335 843 3532 908 unius

388 952 511 1012 rat,
555 937 1004 1020 conjecturam
1048 936 1311 1001 dubiam
1352 937 1532 1005 facit.
1992 950 2254 1002 moneta
2304 937 2518 1001 tritus.
2572 937 2922 1003 Adduntur
2962 938 3137 1002 varia
3197 943 3537 1025 magistra·

459 1038 1030 1103 ALEXANDRIA
1102 1038 1420 1103 TROAS.
1506 1043 1734 1126 Equus
1808 1063 1919 1126 pa·
1991 1038 2173 1098 tuum
2205 1038 2466 1100 nomina
2497 1042 2615 1118 “).«

383 1159 600 1218 scens,
645 1153 840 1225 typus
884 1138 1078 1222 hujus
1121 1140 1305 1203 urhis
1349 1141 1602 1208 solitus.
1690 1143 1757 1206 Si
1800 1165 1919 1205 nu·
2076 1130 2686 1203 CLAZOMENAE
2716 1140 2965 1207 Ioniae.
2995 1138 3207 1216 Aries,
3236 1154 3343 1204 aut
3369 1099 3577 1227 aper,

381 1261 516 1303 mus
575 1241 686 1304 hic
747 1260 907 1304 vere
951 1240 1079 1304 huc
1122 1240 1454 1326 pertinet,
1495 1262 1769 1305 necesse
1815 1258 1916 1307 est
1986 1240 2193 1303 alatus
2221 1242 2310 1324 ¹).
2395 1240 2765 1326 Vtrumque
2811 1241 3049 1305 animal
3092 1239 3383 1307 offerunt
3410 1266 3531 1307 nu-

383 1360 602 1404 eusum
663 1340 916 1415 fuisse,
998 1360 1148 1409 cum
1203 1342 1361 1406 urbs
1421 1342 1635 1408 adhuc
1693 1343 1913 1426 Sigiae
1985 1341 2076 1402 mi
2117 1341 2257 1422 ejus
2285 1342 2640 1408 autonomi.

380 1459 608 1503 nomen
668 1442 1036 1518 obtineret,
1096 1441 1221 1504 nisi
1280 1442 1490 1519 forte,
1554 1442 1734 1529 quod
1776 1445 1914 1506 cxi·
2071 1440 2566 1506 COLOPHON
2612 1442 2853 1505 Ioniae.
2900 1443 3074 1525 Lyra
3115 1443 3339 1507 addito
3376 1443 3528 1506 Ko-

382 1542 635 1605 stimant
693 1541 896 1627 aliqui
931 1585 948 1618 ,
1006 1542 1076 1605 id
1137 1563 1343 1627 genus
1401 1546 1584 1608 numi
1650 1559 1908 1608 mortuo
1980 1537 2134 1604 ΛΟ.
2177 1547 2430 1609 Numus
2463 1542 2779 1620 eximius,
2824 1563 3020 1627 quem
3053 1542 3232 1608 edidi
3269 1565 3349 1607 ex
3386 1567 3523 1610 mu·

375 1643 561 1721 etiam
620 1642 997 1706 Alexandro
1055 1644 1297 1731 signati
1366 1659 1535 1712 sunt.
1621 1647 1907 1715 Numum
1980 1661 2096 1705 seo
2135 1646 2458 1707 Caesareo
2487 1645 2555 1706 in
2586 1644 2753 1709 meis
2785 1645 2955 1707 Num
2978 1659 3124 1710 vet.

375 1744 545 1806 edidi
600 1765 683 1808 ex
743 1762 985 1808 museo
1027 1748 1118 1808 M.
1175 1749 1382 1813 Ducis
1436 1748 1501 1809 in
1535 1749 1732 1811 meis
1775 1749 1908 1811 Nu·
2061 1745 2578 1811 CORIN'IHVS
2646 1746 2954 1812 Achaiae.
3050 1747 3341 1827 Pegasus
3414 1769 3530 1814 vo-

375 1846 490 1907 mis
534 1859 670 1913 vet.
1973 1842 2116 1907 lans
2177 1846 2403 1910 addito
2456 1845 2612 1911 ΚΟ.
2674 1847 2925 1908 Numus
2969 1859 3071 1909 est
3115 1847 3524 1926 Goltzianns,

451 1945 946 2010 ANTIOCHIA
995 1947 1242 2029 Syriae.
1292 1948 1469 2025 Huic
1495 1948 1898 2014 Pellerinius
1971 1946 2080 2032 qui
2141 1947 2199 2009 si
2255 1957 2423 2013 vere·
2470 1962 2716 2025 exstat,
2781 1946 3102 2011 Corintho
3171 1947 3371 2011 adimi
3413 1969 3527 2016 ne·

369 2044 593 2111 tribuit
649 2069 886 2123 numos
948 2062 1105 2134 typo
1174 2050 1392 2132 lyrae,
1455 2051 1657 2122 rami,
1716 2051 1911 2116 cadu·
1982 2047 2140 2131 quit.

367 2151 463 2216 eei
494 2151 585 2233 ὓ.)
631 2150 717 2211 At
748 2164 895 2213 sunt
926 2150 996 2211 hi
1040 2150 1176 2233 typi
1211 2152 1480 2215 nimium
1519 2152 1714 2236 vagi.
2065 2146 2235 2221 COS
2279 2149 2513 2216 insula.
2556 2151 2764 2217 Forte
2809 2148 2940 2211 huc
2979 2138 3267 2231 pertinet
3292 2168 3529 2214 numus

442 2249 809 2313 APAMEA
841 2251 1091 2332 Syriae.
1129 2250 1435 2334 Ambigui
1464 2272 1724 2338 quoque
1760 2266 1908 2316 sunt
1980 2270 2188 2313 musei
2209 2253 2535 2328 Caesarei,
2566 2254 2632 2315 in
2668 2272 2798 2339 quo
2820 2248 3527 2335 scriptumlegeKOL,

360 2351 572 2427 numi,
618 2370 785 2436 quos
815 2351 1217 2416 Pellerinius
1260 2368 1539 2438 propter
1586 2373 1909 2418 cornuco·
1977 2366 2049 2414 ut
2078 2353 2335 2433 conjeci
2365 2354 2433 2414 in
2478 2356 2642 2418 meis
2676 2354 2908 2416 Numis
2942 2365 3072 2414 vet.

361 2454 500 2535 piae
534 2466 605 2514 et
640 2451 935 2533 thyrsum
969 2453 1100 2518 hue
1134 2468 1325 2517 vocat
1355 2454 1440 2536 0).
2061 2454 2303 2516 CYME
2336 2455 2656 2535 Aeolidis.
2700 2455 2834 2522 Vas
2862 2466 3199 2517 monotum
3234 2450 3375 2534 ejus
3392 2450 3530 2516 for-

437 2554 792 2620 ARADVS
836 2553 1069 2620 insula.
1158 2554 1229 2614 ln
1273 2554 1397 2618 hac
1442 2566 1624 2619 certe
1669 2555 1905 2639 signati
1976 2575 2158 2630 mae,
2220 2575 2385 2640 quae
2451 2565 2699 2621 tant'um
2745 2556 2814 2619 in
2857 2553 3072 2617 numis
3106 2552 3300 2638 hujus
3343 2555 3526 2621 urhis

357 2668 502 2717 sunt
584 2655 821 2731 numi,
877 2655 1009 2741 'qui
1075 2656 1304 2718 literas
1362 2656 1495 2731 ΑΡ.
1554 2655 1620 2717 ἰιι
1679 2677 1908 2720 ιιιοιιο·
1976 2671 2317 2739 comparet
2346 2658 2436 2737 y),

355 2770 774 2838 grammate,
833 2769 901 2819 et
970 2757 1151 2840 juxta
1226 2755 1507 2841 palmam
1571 2756 1905 2834 exhibent,
2058 2757 2534 2825 DARDANVS
2612 2755 2915 2822 Troadis.
3046 2755 3276 2820 Gallus
3312 2802 3330 2835 ,
3412 2760 3527 2844 qui

352 2875 514 2942 quos
599 2858 767 2921 sistit
847 2858 1248 2922 Pellerinius
1294 2856 1385 2939 Ρ).
1471 2858 1689 2919 Minus
1762 2872 1903 2921 tuto
1975 2856 2171 2920 etiam
2244 2872 2346 2921 est
2423 2856 2491 2918 in
2553 2856 2696 2940 ejus
2764 2856 3131 2938 autonomi·
3163 2858 3263 2941 ⁸),
3328 2879 3526 2948 quan·

342 2959 474 3023 huc
541 2960 931 3044 pertinent,
1017 2961 1130 3045 qui
1207 2973 1453 3023 tantum
1525 2960 1732 3045 apim,
1794 2961 1901 3024 vel
1974 2979 2162 3043 quam
2227 2974 2297 3021 et
2358 2960 2641 3041 Carystii
2698 2957 3015 3023 Euboeae
3081 2959 3320 3024 eodem
3368 2975 3522 3048 typo

348 3060 779 3126 aerostolium
818 3059 1126 3124 offerunt.
1971 3059 2071 3121 usi
2105 3057 2374 3126 fuerint.

426 3163 845 3228 AscALoN
901 3162 1335 3228 Palaestinae.
1401 3158 1534 3224 ΑΣ
1579 3163 1893 3246 scriptum
2051 3161 2451 3231 EPHESVS
2526 3163 2769 3225 Ioniae.
2871 3159 3035 3246 Apis
3114 3163 3257 3247 ejus
3333 3178 3521 3248 typus

341 3262 405 3324 in
461 3284 622 3328 area
689 3284 923 3327 numos
986 3264 1051 3327 ei
1111 3264 1362 3328 similes
1404 3263 1712 3329 vindicat.
1798 3267 1896 3329 Ea
1968 3249 2199 3325 obvius
2245 3265 2330 3347 ε·).
2423 3262 2558 3332 Sed
2602 3263 2855 3327 Aradus
2905 3264 3092 3326 litem
3140 3280 3518 3330 movet'eo·

337 3364 494 3427 urbs
529 3364 723 3429 binis
766 3365 870 3428 his
912 3365 1125 3428 literis
1168 3366 1528 3451 plerosque
1584 3385 1738 3428 suos
1781 3388 1895 3427 nu·
1968 3363 2115 3427 dem
2148 3387 2411 3451 quoque
2447 3379 2605 3450 typo
2635 3383 2771 3428 usa.

337 3486 479 3529 mos
519 3467 893 3551 inscripsit.
936 3472 1098 3532 Sunt
1137 3468 1308 3554 apud
1342 3464 1776 3556 Pellerinium
1807 3472 1891 3550 (Ι),
2047 3463 2551 3562 ERYTHRAE·
2617 3466 2867 3532 Ioniae.
2997 3463 3237 3540 Clava,
3323 3484 3514 3530 arcus

261 3605 270 3612 ·
331 3579 396 3629 et
427 3566 847 3630 Pembrock.
889 3566 969 3646 r),
1961 3564 2312 3648 pharetrae
2357 3570 2621 3652 junctus
2668 3566 2893 3631 addito
2929 3559 3135 3627 EPT.
3162 3561 3237 3646 Ρ)
3322 3570 3513 3635 Haec

413 3669 590 3733 GEA
673 3669 1032 3751 Cycladum
1114 3692 1258 3734 una.
1383 3671 1609 3756 Lupus
1702 3672 1888 3734 ‹h‘mi-
1962 3666 2194 3730 eadem
2274 3670 2490 3734 omnia
2569 3669 2892 3733 hahentur
2968 3666 3038 3728 in
3119 3667 3512 3757 autonomia.

326 3768 471 3832 dius
520 3773 607 3853 ⁸).
705 3772 887 3835 Idem
946 3784 1140 3856 typus
1200 3773 1269 3834 in
1312 3772 1454 3856 ejus
1496 3774 1885 3850 autonomis,
1958 3768 2179 3833 Fuere
2259 3769 2459 3833 ‘etiam
2538 3772 2706 3833 aliae
2778 3765 3107 3851 Erythrae
3165 3768 3508 3844 Boeotiae,

322 3892 707 3957 quanquam
771 3893 922 3936 cum
980 3872 1156 3935 idem
1217 3874 1300 3935 sit
1358 3894 1617 3959 quoque
1661 3875 1729 3936 in
1771 3898 1888 3938 nu·
1956 3885 2022 3936 at
2098 3872 2495 3948 verisimile,
2569 3872 2778 3936 hunc
2816 3889 3083 3944 numum
3145 3869 3227 3932 acl
3289 3849 3506 3934 Ionias

321 3973 448 4033 mia
487 3976 904 4059 Argorum,
923 3986 992 4038 et
1031 3972 1386 4059 Epidauri,
1429 3975 1742 4074 judicium
1802 3976 1886 4038 sit
1957 3973 2174 4059 potius
2241 3970 2708 4051 referendum,
2778 3971 2927 4058 quia
2982 3972 3342 4055 pleraeque
3400 3973 3504 4034 Io-

322 4072 624 4143 duhium.
1951 4077 2099 4139 niae
2144 4075 2345 4139 urbes
2393 4075 2644 4138 similes
2695 4071 3080 4137 Alexandro
3114 4094 3350 4137 numos
3385 4071 3501 4138 de.

438 4179 726 4245 cfflVs
811 4177 1044 4268 insula.
1131 4178 1378 4263 Sphinx
1456 4175 1672 4241 diotae
1730 4178 1884 4240 insi·
1953 4176 2283 4243 dicavere.

484 4411 553 4484 Β)
595 4408 752 4468 Mel.
773 4409 898 4490 lp.
921 4419 1037 4472 127.
1142 4410 1198 4485 0)
1239 4410 1681 4488 Ibid.pag.t29.
1784 4408 1849 4480 P)
1883 4407 2034 4466 Ibid.
2065 4429 2201 4487 pag.
2235 4414 2505 4471 125.126.
2613 4405 2907 4479 comem.
2937 4413 3220 4484 pag.115.
3325 4407 3382 4476 r)
3416 4405 3482 4463 Ρ.

311 4500 380 4559 11.
411 4500 538 4560 tab.
573 4510 674 4564 53.
804 4500 858 4572 Β)
899 4491 1327 4562 PellerimMel.
1348 4499 1468 4577 Lp.
1491 4508 1615 4564 132.
1732 4497 2079 4572 t).Pelle1-in.
2097 4495 2590 4575 Mel.1.pag.111.
2689 4497 2754 4569 ὓ)
2780 4498 3170 4552 Mus.Duane.
3270 4495 3333 4565 1)
3349 4491 3483 4553 Pel·

312 4588 486 4649 lerin.
517 4590 665 4650 Mel.
707 4577 758 4647 1'.
789 4609 853 4666 p.
889 4598 1006 4650 112.
1039 4599 1163 4653 132.
1269 4589 1334 4660 y)
1369 4590 1649 4649 Pel‘erin.
1687 4588 1849 4648 Rois.
1881 4608 2010 4668 pag.
2047 4597 2132 4651 13.
2167 4586 2309 4646 Mel.
2340 4586 2386 4643 1.
2412 4597 2550 4664 pag.
2591 4597 2718 4652 131.
2818 4586 2879 4658 ι)
2917 4582 3198 4647 Pellerin.
3237 4582 3407 4648 Mel.x
3422 4581 3478 4644 Ι.

311 4700 380 4755 p.
408 4690 540 4745 132.
653 4682 719 4758 ⁸)
769 4677 1047 4740 Pellerin.
1070 4679 1205 4739 uel.
1237 4678 1284 4740 I.
1310 4698 1376 4758 Ρ.
1406 4687 1534 4743 126.
1634 4679 1700 4753 1¹)
1741 4678 2016 4738 Pellerin.
2051 4677 2186 4736 Mel.
2214 4676 2261 4738 I.
2294 4697 2356 4756 p.
2387 4686 2511 4739 111.
