4575 5850
1605 538 2001 614 ACH

451 710 730 775 ditamus
779 710 966 774 nullo
1016 707 1228 773 adhuc
1289 706 1371 773 ab
1415 709 1794 797 antiquariis
1845 733 1997 798 pro·

452 813 589 877 dito
630 813 826 899 hujus
869 811 1052 875 urbis
1107 830 1330 874 numo.
1388 810 1551 896 Ejus
1595 825 1812 876 tamen
1864 833 2000 877 me-

454 916 712 979 minere
764 928 1066 979 auctores
1112 928 1376 979 veteres
1425 914 1757 999 plerique.
1825 915 2001 979 Scri·

453 1016 630 1079 bitur
708 1018 1005 1100 Aequent,
1067 1017 1174 1081 vel
1234 1016 1546 1099 Αιιγειρα,
1620 1030 1688 1077 et
1746 1013 1997 1101 gentile

333 1168 348 1175 -
456 1121 838 1202 Αιιγιρατης.
925 1119 1147 1201 Typus
1207 1135 1444 1201 caprae
1502 1114 1584 1178 ad
1646 1114 1826 1178 urbis
1886 1134 2001 1178 no·

452 1240 601 1283 men
661 1217 951 1303 adludit,
1011 1233 1079 1282 et
1150 1233 1394 1286 narrat.
1442 1217 1713 1289 Strabo,
1782 1217 2002 1306 ⁴Aegas

453 1320 762 1402 Aegiram
823 1318 1029 1383 fuisse
1078 1319 1418 1386 translatas
1477 1320 1554 1398 ⁸).
1656 1319 1866 1382 Antea
1911 1318 2005 1382 di·

451 1437 617 1486 ctam
679 1420 888 1484 fuisse
965 1420 1399 1505 Hypcresiam
1421 1465 1439 1496 ,
1512 1418 1754 1483 deinde
1811 1419 2007 1501 Aegi-

325 1559 332 1570 ·
446 1546 615 1600 ram,
652 1542 738 1586 ex
774 1537 910 1607 quo>
943 1522 1467 1608 Hyperesienses
1499 1542 1840 1606 caprarum
1875 1539 2001 1604 ope

455 1625 806 1708 Sicyonios
854 1626 1077 1688 hostes
1130 1624 1368 1708 fugere
1418 1642 1739 1709 coegere,
1805 1620 2004 1685 tradit

450 1727 805 1791 Pausanias
867 1727 940 1807 ²).
1015 1719 1177 1791 ΛΑ.
1237 1740 1306 1788 et
1372 1724 1515 1793 ΑΡ.
1575 1724 1748 1789 haud
1805 1722 2000 1787 dubie

452 1832 948 1911 magistratuum
1023 1842 1172 1891 sunt
1240 1828 1458 1902 initia,
1530 1846 1748 1911 neque
1825 1824 2001 1888 enim

445 1931 598 1994 satis
670 1943 946 2015 apparet
1000 1931 1307 2007 rationis,
1362 1944 1436 1992 ut
1492 1950 1575 1994 ex
1632 1926 1795 1994 AA.
1882 1926 2006 1989 La-

449 2031 952 2106 cedaemonios,
1014 2052 1096 2095 ex
1156 2030 1303 2098 ΑΡ.
1362 2032 1645 2116 Argivos
1693 2026 2002 2095 efficiam.

451 2133 658 2196 Etiam
712 2135 777 2195 in
819 2138 1086 2218 Tegeae
1119 2133 1435 2197 Arcadiae
1479 2131 1696 2194 numis
1733 2130 1876 2194 aliis
1911 2129 2003 2193 le·

453 2233 637 2319 gitur
684 2231 842 2299 ΛΑ.
875 2281 893 2313 ,
936 2236 1004 2297 in
1044 2232 1187 2297 aliis
1240 2233 1356 2300 lE.

456 2340 595 2405 ΑΒ,
645 2341 889 2402 naen.
1357 2323 1362 2328 ’

901 2435 1528 2523 Ἀεαινη

532 2574 796 2642 Nobilis
837 2577 1125 2642 Achaiae
1164 2573 1343 2643 vrbs.

995 2699 1111 2758 Aa
1128 2708 1158 2759 t
1169 2719 1207 2760 o
1220 2718 1265 2759 n
1277 2719 1313 2760 0
1327 2715 1391 2758 m
1409 2699 1473 2757 ιζ’

539 2813 1028 2901 Antiquissimi.

552 2919 829 2981 Tenedo
865 2921 999 2982 alte
1033 2902 2005 2982 emtam.aeA1.A11.A1P1.

464 3023 865 3098 Quadratum
894 3023 964 3082 in
993 3023 1275 3104 quinque
1297 3028 1520 3098 partes
1550 3017 1843 3078 divisum.
1864 3012 2005 3076 AR.

456 3121 546 3183 11.
582 3122 704 3185 111.

545 3223 698 3285 Hoc
733 3234 903 3306 ‘typo
955 3234 1251 3285 veterem
1312 3218 1516 3282 fuisse
1563 3211 2005 3300 Peloponnesi

463 3335 817 3399 monetam,
850 3344 1043 3408 supra
1061 3322 1125 3385 in
1142 3321 1608 3406 Peloponneso
1643 3317 2005 3379 docuimus.

463 3421 686 3517 Quare
715 3425 1051 3488 versimile
1085 3438 1220 3500 est,
1249 3423 1545 3506 reliquos
1577 3417 1846 3493 similes,
1893 3416 2030 3503 qui·

459 3525 891 3610 inscriptione
948 3539 1208 3601 carent,
1267 3525 1509 3610 quique
1570 3520 1724 3583 huic
1777 3520 2005 3603 penin-

462 3627 646 3690 sulae
704 3629 786 3691 ab
850 3627 1149 3690 omnibus
1211 3626 1414 3690 tribui
1456 3623 1706 3694 solent,
1764 3621 1885 3689 hac
1935 3621 2028 3683 in'

463 3725 631 3791 urbe
672 3728 984 3811 signatos.

541 3831 961 3894 Recentioris
1005 3831 1172 3897 aevi.

541 3926 984 4009 AIPIEtpN.
1071 3934 1277 4015 Caput
1337 3937 1545 3997 lovis.
1609 3928 1658 3992 Σ
1709 3944 1765 4000 A
1820 3923 2010 3993 API·

457 4026 967 4093 CTOAAMOC
985 4037 1270 4111 „omnia
1310 4037 1488 4099 intra
1516 4038 1836 4109 lauream
1865 4039 2004 4101 AR.

461 4132 577 4199 ΙΙΙ.
611 4134 804 4214 (Mus.
842 4134 1059 4213 Caes.)

691 4472 1442 4578 ο..)Ι,.ἯΙΙΡιιι.592·
1551 4501 2066 4576 t)1....v11.026
2167 4505 2920 4578 u)15.xxxv111.c.·zo

488 4581 609 4659 5)
591 4604 649 4645 ιιι
681 4583 912 4648 Concil
940 4584 1109 4649 deor.

2099 541 2165 613 A
2263 540 2301 613 1
2401 539 2486 612 A.
3476 557 3618 625 235

2150 710 2542 774 Praeeunte
2608 709 2737 774 hoc
2797 729 2998 773 numo
3061 711 3426 777 verisimile
3485 732 3631 798 rur-

2069 832 2212 874 sum
2258 810 2552 889 videtur,
2617 809 3004 895 frequentes
3073 811 3222 876 illss
3278 789 3628 878 drschmas

2070 933 2219 978 cum
2286 913 2525 977 eodem
2587 927 3185 1016 monogrammate,
3261 935 3428 999 quae
3483 907 3627 980 fue·

2070 1035 2147 1078 re
2209 1015 2584 1079 communis
2626 1015 3042 1079 Achaeorum
3114 1027 3412 1092 moneta,
3472 1036 3629 1099 qua·

2073 1100 2352 1200 rumque
2429 1138 2651 1199 supra
2694 1117 2761 1178 in
2838 1114 3084 1178 Achaia
3147 1116 3430 1194 nemini,
3503 1117 3626 1183 hao

2075 1218 2143 1280 in
2197 1219 2361 1281 urbe
2413 1218 2719 1302 signatas.
2809 1218 3028 1281 Fuere
3088 1231 3307 1281 autem
3374 1220 3505 1300 jam
3591 1240 3626 1281 a

2078 1319 2405 1404 principio
2482 1321 2764 1404 Aegium
2851 1332 3213 1382 conventus
3332 1322 3627 1390 Achaeo-

2077 1442 2223 1486 rum
2270 1419 2520 1499 vocati,
2568 1433 2639 1482 ut
2698 1432 2975 1483 testatur
3023 1421 3250 1485 Livius
3295 1412 3407 1501 ¹²).'
3447 1425 3626 1509 Ergo

2075 1521 2346 1587 dubium
2414 1542 2547 1585 non
2634 1522 2927 1598 videtur,
3003 1522 3178 1587 hunc
3243 1523 3625 1608 similesque

2078 1644 2310 1689 numos
2369 1621 2534 1686 alios
2598 1644 2790 1686 cusos
2836 1621 3039 1686 fuisse
3115 1638 3452 1688 constante
3518 1625 3625 1687 ad·

2075 1728 2204 1790 buc
2235 1725 2644 1788 Achaeorum
2697 1724 3058 1809 republica.
3150 1726 3350 1822 Quod
3395 1728 3450 1790 si
3493 1747 3627 1791 non

2073 1829 2289 1904 fallit,
2342 1825 2641 1891 videmus
2692 1846 2775 1889 ex
2821 1825 3252 1909 integerrimo
3321 1824 3450 1891 hoc
3508 1837 3626 1891 nu·

2076 1935 2222 2007 mo,
2296 1929 2523 1992 literas
2557 1929 2649 2006 C,
2700 1927 2790 2004 G,
2832 1923 2915 1988 ω
2964 1931 3214 1992 mature
3243 1928 3620 2007 invaluisse,

2075 2030 2253 2118 quod
2324 2028 2589 2116 quidem
2666 2029 2795 2110 jam
2868 2049 2953 2094 ex
3028 2030 3172 2093 aliis
3240 2033 3455 2095 numis
3518 2052 3627 2094 ur·

2074 2133 2255 2198 bium
2304 2131 2665 2196 secuudum
2714 2132 2871 2198 litus
2917 2133 3114 2198 maris
3169 2134 3490 2198 Adriatici
3541 2135 3626 2196 si·

2076 2223 2287 2300 tarum
2331 2230 2689 2302 constabat.
2777 2235 3091 2298 Ceterum
3129 2236 3624 2313 Aristodemum

2068 2337 2355 2421 aliquem
2409 2334 2600 2399 nobis
2655 2335 2881 2417 prodit
2936 2336 3275 2400 Diodorus
3320 2343 3414 2420 ¹),
3510 2341 3624 2423 qui

2073 2440 2411 2522 copiarum
2465 2435 2597 2499 dux
2650 2457 2775 2520 pro
2822 2437 3153 2522 Antigono
3204 2440 3398 2503 Asiae
3456 2461 3623 2527 rege

2072 2541 2352 2624 Aegium
2415 2539 2812 2624 aliquamdiu
2859 2540 3093 2603 tenuit.
3180 2540 3512 2625 Signatum
3554 2545 3625 2607 in

2073 2641 2499 2727 Aegiensium
2567 2652 2829 2702 moneta
2883 2640 3068 2704 Jovis
3135 2657 3337 2724 caput
3378 2645 3619 2708 mirum

2075 2744 2291 2806 videri
2340 2741 2579 2827 possit,
2620 2738 2879 2824 quando
2912 2735 2982 2802 hi
3028 2755 3195 2806 testo
3230 2744 3523 2811 Luciano
3551 2751 3620 2831 y)

2075 2846 2308 2910 Jovem
2385 2862 2793 2929 nequaquam
2870 2843 3263 2930 genuinum,
3322 2848 3439 2910 sed
3486 2845 3622 2910 2350-

2077 2952 2388 3032 βολιμαιον
2434 2944 2803 3010 credidere.

2704 3154 2982 3241 ***

2161 3328 2745 3399 HMIOBGAIN:
2820 3338 3026 3412 Caput
3077 3336 3413 3399 barbatum
3452 3341 3621 3400 lauri

2076 3431 2577 3496 ae.A1PIGnN
2638 3439 2904 3498 Fluvios
2961 3439 3334 3499 decumbens
3391 3443 3453 3501 d.
3512 3460 3617 3500 ur·

2074 3558 2226 3600 nam
2242 3580 2259 3613 ,
2304 3557 2389 3599 ex
2430 3557 2562 3620 qua
2609 3558 2783 3619 aqua
2832 3540 3081 3614 masor-e
3127 3558 3283 3599 arcu
3327 3540 3614 3616 profluit,

2075 3659 2129 3703 s.
2194 3640 2611 3699 arundinem..
2640 3638 2785 3701 AE.
2829 3640 2939 3700 111.
2980 3638 3203 3723 (Mum,
3234 3639 3421 3703 Caes.
3469 3655 3539 3703 et
3584 3664 3619 3704 a

2077 3757 2184 3800 me
2216 3737 2431 3804 editus
2459 3738 2526 3798 in
2560 3739 2753 3805 Num.
2793 3753 2925 3807 vet.
2954 3761 3017 3823 p.
3060 3761 3082 3800 ι
3103 3739 3229 3821 ι8.)
3402 3792 3417 3802 .

2162 3835 2629 3903 HMIOBGAI
2639 3840 2726 3904 N.
2810 3845 3039 3907 Puella
3085 3846 3229 3905 velo
3262 3864 3464 3923 supra
3514 3865 3623 3906 ca·

2069 3951 2199 4021 put
2237 3942 2539 4017 fluitante
2598 3945 2896 4005 manibus
2935 3948 3247 4019 porrectis
3295 3966 3479 4007 avem
3526 3966 3622 4008 re·

2078 4045 2447 4121 spicientem
2482 4064 2889 4127 persequens.
2932 4040 2980 4104 ’.ἶ
3024 4038 3455 4110 ΑΙΓΙΕΩΝ.
3507 4049 3625 4109 Ca·

2069 4153 2204 4223 put.
2252 4147 2417 4207 laur.
2480 4149 2751 4208 multum
2803 4149 3128 4225 promissa
3192 4149 3414 4212 barba.
3488 4146 3617 4209 ΛΕ.

3024 4507 3084 4586 x)
3125 4506 3189 4565 1..
3229 4508 3390 4571 x1x.
3428 4530 3483 4571 ο.
3519 4519 3615 4578 se.
3679 4555 3688 4564 .

3001 4673 3210 4759 Gga
