4575 5850
1060 452 1064 458 ’
1166 453 1570 529 REGES
1672 449 2529 531 MACEDONIAE.

355 626 600 686 Eadem
630 624 923 687 adversa.
953 617 1002 682 Ξ
1028 626 1192 688 Sine
1232 630 1593 708 epiymphe.
1633 632 1805 706 Qua-

275 730 523 789 dratum
585 726 1126 807 quadripartitum
1189 730 1330 792 AR.
1387 730 1437 791 1.
1498 729 1571 787 In
1621 729 1800 795 aliis:

270 830 392 891 Leo
439 829 746 888 dimidius
810 830 985 887 intra
1031 833 1432 909 quadratum.
1495 830 1633 894 AR.
1687 834 1799 892 111.

275 930 470 1007 (Mus.
500 929 687 991 Caes.
724 925 1074 1009 Pellerin.)

354 1034 572 1113 Equus
613 1050 890 1091 currens.
941 1023 987 1083 ΣΕ
1042 1025 1509 1093 APXEAAO.
1576 1036 1799 1107 Galea,

275 1135 477 1193 omnia
536 1135 711 1193 intra
752 1141 1151 1212 quadratum.
1212 1133 1349 1195 AR.
1405 1133 1515 1197 111.
1564 1132 1805 1205 (Pelle-

276 1245 441 1313 rm.)-

352 1339 551 1411 chmt
610 1335 885 1395 Imberbe
945 1337 1121 1394 tenus·
1161 1335 1272 1411 filo
1313 1335 1693 1396 redimitum.
1753 1326 1802 1389 ae

281 1429 738 1495 APXEAAO.
782 1436 1001 1515 Equus
1041 1437 1351 1513 qradiens
1384 1438 1803 1513 pendentibus

276 1538 543 1598 habenis.
591 1532 732 1597 AR.
777 1536 827 1595 1.
885 1534 1083 1610 (Mus.
1130 1534 1349 1616 Caes.)

348 1640 637 1698 Ptolome
706 1637 979 1699 barbata
1047 1639 1440 1701 diademata.
1513 1632 1583 1694 ae·
1617 1669 1644 1683 -
1697 1670 1724 1685 -
1774 1671 1800 1685 -

278 1729 612 1799 EAAOT.
672 1739 893 1818 Equus
940 1739 1247 1815 ,qr-adiens
1304 1741 1478 1799 intra
1524 1743 1800 1821 quadra-

279 1848 399 1898 tum
457 1840 766 1898 incusum.
823 1837 958 1898 ΑΕ.
1016 1837 1127 1903 ΠΙ.
1174 1838 1436 1920 (Haym.
1483 1840 1563 1901 Τ.
1610 1841 1689 1901 11.
1732 1861 1801 1923 p.

278 1956 358 1999 m.
400 1938 520 2010 ιι.)

351 2036 544 2097 Numi
598 2036 747 2099 loco
787 2039 835 2098 1.
882 2035 1197 2118 descripti
1247 2054 1374 2103 tam
1412 2052 1566 2124 typo
1602 2040 1801 2125 partis

278 2138 551 2229 anticae,
596 2158 789 2219 quam
838 2134 1084 2201 fabrica
1132 2139 1449 2203 simillimi
1493 2157 1642 2205 sunt
1692 2164 1805 2206 nu-

280 2238 389 2301 mis
421 2236 777 2299 Alexandri
811 2238 858 2296 1.
892 2238 1014 2303 avi.
1046 2238 1240 2325 Capri
1269 2242 1582 2304 rationem
1611 2264 1804 2327 supra

278 2342 336 2402 in
368 2341 617 2402 Carano
653 2337 973 2400 dedimus.

360 2439 537 2531 Quos
592 2441 803 2500 altero
847 2438 999 2502 loco
1066 2441 1247 2505 vides
1302 2444 1801 2529 anepigraphos,

280 2540 664 2605 Pellerinius
713 2539 929 2601 eidem
984 2540 1311 2606 Archelao
1370 2547 1597 2609 tribuit
1655 2567 1805 2630 pro·

192 2684 197 2691 .
280 2653 527 2724 pterea,
585 2639 764 2725 quod
809 2639 1041 2702 similis
1084 2643 1293 2708 antica
1339 2661 1442 2710 est
1483 2647 1550 2707 in
1605 2650 1804 2713 certis

279 2744 414 2827 ejus
456 2744 691 2805 numis.
736 2744 820 2804 At
866 2741 1041 2817 iuxta
1095 2744 1259 2809 hanc
1284 2747 1502 2830 legem
1534 2764 1807 2833 possunt

279 2846 465 2908 etiam
491 2865 637 2907 esse
666 2842 1026 2909 Alexandri
1058 2845 1111 2909 1.

356 2949 582 3011 Tertio
630 2945 880 3008 similes
930 2958 1080 3006 sunt
1126 2948 1305 3009 numi
1356 2950 1465 3013 alii
1509 2953 1807 3036 argentei

278 3051 382 3113 111.
442 3047 727 3126 formae3
784 3046 911 3108 nisi
959 3046 1133 3129 quod
1185 3051 1393 3112 omnis
1444 3053 1639 3115 iubis
1674 3057 1809 3135 epi·

275 3150 519 3233 graphe
578 3147 769 3211 abest
802 3191 821 3222 ‚
897 3168 1175 3231 quorum
1247 3154 1527 3217 similem
1600 3153 1808 3219 edidit

278 3253 690 3314 Neomannus
748 3262 978 3311 noster
1020 3250 1086 3331 q)
1121 3295 1138 3327 ,
1202 3266 1269 3315 et
1319 3268 1595 3339 propter
1634 3255 1803 3319 hanc

269 3365 572 3434 typorum
642 3362 706 3410 et
767 3348 1055 3413 fabricae
1118 3354 1535 3418 concordiam
1587 3356 1803 3420 eidem

272 3449 596 3514 Archelao
642 3449 939 3513 tribuere
986 3445 1133 3514 non*
1172 3452 1509 3520 dubitavit.
1564 3458 1670 3520 De
1703 3460 1805 3521 his

266 3554 514 3616 redibit
545 3553 787 3615 mentio
823 3550 889 3611 in
927 3554 1141 3617 numis
1174 3558 1568 3642 Metropolis
1603 3561 1811 3623 Thes·

269 3653 490 3717 saliae.

346 3755 647 3850 Quartus
687 3767 754 3818 et
808 3755 1071 3838 quintus
1114 3772 1484 3840 postremus
1533 3780 1665 3825 non
1717 3763 1810 3826 le-

261 3875 375 3920 ves
425 3855 751 3940 objiciunt
801 3855 1241 3924 difficultates.
1318 3868 1563 3926 Suntne
1612 3864 1807 3927 nnius

262 3957 697 4042 ejusdemque
756 3958 1116 4038 Archelai,
1194 3985 1272 4025 au
1340 3962 1804 4028 diversorum?

260 4059 369 4120 Sin
413 4058 625 4134 illud,
671 4077 785 4119 cur
830 4057 897 4118 in
943 4064 1169 4144 priore
1204 4079 1303 4128 est
1337 4065 1690 4144 imberbis,
1735 4068 1803 4126 in

258 4159 471 4223 altero
537 4157 798 4243 prolixe
860 4159 1221 4227 barbatus?
1277 4168 1410 4231 Cur
1460 4182 1801 4254 tantopere

3314 469 3404 532 85

1873 624 2186 688 abludunt
2229 622 2449 688 vultus
2495 615 2936 685 lineamenta?
2979 616 3216 701 Atque.
3239 617 3409 683 hanc

1874 747 2065 789 unam
2107 726 2308 788 fuisse
2341 725 2662 787 rationem
2695 720 2997 784 existimo
3018 762 3034 793 ‚
3081 737 3203 781 cur
3234 737 3412 782 men·

1872 839 2005 890 tem
2088 838 2369 889 mutaret
2432 823 2846 890 Froelichius
2874 865 2893 899 ,
3006 840 3407 903 numumque

1870 926 2134 1008 Haymii
2179 945 2327 990 cum
2373 927 2558 990 vultu
2600 923 2870 987 barbato
2920 921 3243 986 tribueret
3284 925 3410 985 Ar-

1876 1028 2106 1092 chelao
2162 1031 2210 1090 1.
2250 1074 2267 1104 ,
2326 1027 2619 1110 reliquos
2663 1024 2993 1090 Archelao
3034 1025 3410 1094 11..Verum

1874 1151 1956 1192 an
2015 1129 2166 1192 satis
2226 1128 2558 1211 conspirat
2617 1124 2863 1189 fabrica
2894 1168 2913 1202 ,
2977 1144 3168 1210 quam
3230 1121 3411 1188 exhi-

1871 1230 1988 1293 bet
2032 1251 2265 1293 numus
2317 1230 2454 1304 1V.‚
2496 1248 2645 1293 cum
2694 1242 2903 1291 aetate
2944 1226 3254 1290 Archelai
3304 1227 3407 1300 11„

1875 1332 1988 1418 qui
2031 1331 2155 1394 fuit
2204 1329 2493 1413 Philippi
2540 1331 2618 1390 11.
2661 1330 2914 1393 frater?
2969 1329 3113 1390 Jam
3142 1325 3224 1389 ad
3263 1323 3412 1388 bar-

1873 1435 2025 1496 bam
2090 1433 2268 1519 quod
2328 1432 2591 1506 attinet,
2654 1445 2723 1492 ut
2779 1426 2861 1490 de
2912 1429 3084 1512 typis
3133 1425 3412 1511 judicari

1872 1548 2055 1598 recte
2112 1535 2366 1620 possit,
2445 1551 2642 1595 nosse
2699 1531 2982 1614 primum
3045 1541 3407 1614 oporteret,

1870 1648 2086 1701 utrum
2172 1635 2299 1699 hac
2391 1648 2602 1698 aetate
2665 1629 3062 1695 Macedones
3140 1627 3410 1693 barbam

1871 1737 2183 1813 aluerint,
2228 1759 2307 1799 an
2353 1755 2499 1798 eam
2542 1732 2956 1816 abjecerint?
3002 1732 3136 1797 Sed
3175 1730 3243 1792 in
3278 1730 3414 1791 hoc

1874 1840 2069 1904 video
2105 1836 2433 1901 discordia
2469 1850 2768 1902 veterum
2830 1832 3221 1897 testimonia.
3280 1833 3409 1893 An·

1874 1955 1941 2004 te
2022 1938 2465 2002 Alexandrum
2507 1938 2598 1999 M.
2656 1937 3024 2000 inusitatam
3080 1936 3149 1996 in
3209 1936 3410 1997 Grae·

1876 2042 1975 2106 cia
2019 2062 2157 2105 rem
2202 2040 2405 2103 fuisse
2450 2041 2867 2114 novaculam,
2923 2058 2998 2100 ac
3044 2037 3237 2119 hujus
3281 2037 3412 2123 pri-

1877 2166 2054 2207 mum
2108 2156 2318 2208 aetate
2378 2138 2702 2203 radendae
2759 2137 3000 2201 barbae
3054 2138 3410 2200 inolevisse

1877 2244 2457 2314 consuetudinem,
2502 2241 2802 2323 pluribus
2846 2238 3193 2324 Chrysippi
3233 2240 3415 2302 testi·

1876 2348 2113 2410 moniis
2171 2342 2557 2426 comprobat
2602 2343 2978 2406 Athenaeus
3021 2344 3102 2423 ι“).
3167 2339 3413 2404 Suffra-

1878 2462 2067 2532 gatur
2111 2460 2177 2511 et
2224 2443 2651 2520 Plutarchus,
2716 2441 3068 2527 perhibens
3107 2443 3196 2523 ⁸),
3229 2440 3414 2503 ·Ale-

1875 2549 2194 2613 xandrum
2266 2547 2548 2608 militum
2624 2565 2890 2609 suorum
2962 2543 3106 2606 radi
3178 2544 3414 2605 barbas

1874 2649 2180 2734 jussisse,
2243 2660 2314 2712 ut
2372 2645 2706 2709 difficilius
2764 2647 2831 2708 in
2875 2646 3128 2728 praelio
3172 2648 3256 2708 ab
3298 2649 3414 2711 ho-

1878 2751 2082 2814 stibus
2144 2751 2288 2836 capi
2347 2762 2631 2831 possent.
2717 2747 2917 2833 Atqui
2977 2761 3042 2809 et
3101 2750 3412 2828 Synesius

1880 2855 2033 2917 citat
2077 2854 2529 2915 Ptolemaeum
2563 2850 2765 2934 Lagi,
2812 2868 3046 2933 quem,
3091 2850 3217 2926 ait,
3263 2851 3414 2935 quia

1879 2959 1978 3020 rei
2015 2971 2235 3041 gestae
2262 2955 2560 3018 interfuit
2577 2985 2610 3032 ,ι
2639 2973 2778 3016 rem
2816 2972 2946 3014 non
2983 2939 3414 3035 ignoravisse,

1880 3072 1947 3122 et
2004 3057 2152 3141 quia
2205 3077 2328 3120 rex
2383 3055 2543 3132 fuit,
2601 3074 2733 3117 non
2793 3054 3187 3131 mentitum,
3248 3054 3415 3119 baec

1877 3159 2134 3222 scilicet
2174 3160 2609 3221 scribentem:
2655 3157 3100 3220 Alexandrum
3139 3175 3287 3218 cum
3322 3153 3418 3221 vi·

1878 3261 2103 3335 deret,
2152 3279 2305 3323 suos
2347 3284 2386 3324 a
2430 3257 2652 3322 Persis
2684 3255 2884 3320 barba
2916 3277 3233 3342 comaque
3268 3277 3419 3340 pre·

1876 3361 2118 3423 hensos
2149 3359 2426 3424 retineri
2457 3379 2531 3427 ac
2564 3358 2896 3433 trucidari,
2930 3371 3076 3421 ante
3096 3355 3418 3441 praelium

1876 3461 1960 3525 ad
2008 3462 2249 3524 Arb'ela
2307 3482 2536 3525 omnes
2579 3459 2984 3526 Macedonas
3017 3459 3231 3521 missis
3273 3472 3419 3521 ton·

1876 3563 2134 3627 aeribus
2180 3563 2500 3626 novacula
2544 3562 2871 3625 radendos
2912 3579 3171 3624 curasse
3219 3562 3286 3638 ι).
3330 3560 3419 3621 Et

1877 3665 2009 3728 alio
2069 3664 2221 3729 loco
2276 3662 2487 3746 refert
2545 3664 2935 3728 Plutarchus
2979 3663 3059 3724 de
3105 3657 3415 3743 Philippo

1880 3770 2195 3848 Amyntae
2228 3808 2247 3840 ‚
2303 3779 2488 3846 patre
2550 3762 2908 3827 Alexandri
2946 3767 3036 3826 M.
3067 3806 3087 3837 ,
3148 3761 3416 3844 Antipa-

1876 3868 1964 3931 tri
1994 3865 2340 3951 quemdam
2374 3865 2686 3944 amicum,
2732 3864 2967 3950 inquit,
3016 3863 3084 3924 in
3120 3860 3413 3944 judicum

1878 3968 2234 4050 collegium
2295 3981 2751 4051 coaptaverat,
2823 3964 3115 4028 sentiens
3173 3969 3415 4040 autem,

1878 4088 2026 4131 eum
2071 4068 2340 4132 barbam
2388 4081 2707 4153 caputque
2759 4065 3017 4151 tingere
3050 4109 3069 4143 ,
3128 4065 3416 4128 removit

1875 4174 2139 4267 eum-¹¹).
2190 4155 2854 4235 Contra'Plutarchus
2901 4168 2984 4231 de
3025 4166 3258 4230 codem
3299 4185 3415 4229 no-

286 4311 3367 4344 *mmm

488 4395 553 4468 q)
600 4397 766 4484 Num.
805 4419 952 4477 pop.
996 4401 1063 4456 T.
1103 4395 1147 4460 I.
1191 4420 1251 4479 p.
1296 4406 1425 4465 147.

290 4483 337 4550 t)
386 4482 645 4541 Encom.
682 4488 873 4547 calvit.
914 4507 981 4564 p.
1017 4481 1107 4552 7'9-

1670 4402 1723 4472 1⁹)
1761 4400 1824 4458 L.
1860 4398 2018 4460 XIII.
2059 4421 2124 4478 p.
2164 4421 2237 4457 m.
2276 4406 2407 4462 565.

1285 4493 1346 4561 ῃ)
1390 4490 1770 4577 Αποφὸειγμ.
1817 4495 2025 4564 βασιλ.
2070 4511 2132 4568 p.
2176 4510 2250 4550 m.
2293 4494 2412 4551 178.
2471 4513 2476 4520 ·

2665 4402 2718 4473 ⁸)
2770 4402 2833 4463 in
2869 4400 3098 4500 Tbeseo
3145 4417 3208 4475 p.
3242 4413 3320 4456 m.
3352 4402 3407 4458 3.
3525 4473 3542 4488 x
