4575 5850
1098 477 1246 554 2241»
2208 459 2606 533 ACH

1181 631 1538 698 CORIN'P.
1598 624 2087 694 AVGVSTVS.
2167 633 2370 710 Caput
2416 633 2636 713 Anyd—

1100 741 1189 801 m·
1216 739 1473 798 nudum.
1516 727 1564 790 Ξ
1589 733 1670 793 Ρ.
1707 729 2124 796 AEBV'PIO.
2158 732 2231 794 C.
2264 727 2437 799 IVL.
2481 734 2636 796 HE·

1099 839 1291 901 RAC.
1323 836 1556 901 IIVIR.
1577 833 1813 926 QVIN.
1846 833 2082 897 ITER.
2113 835 2289 898 iutra
2317 838 2628 902 lauream.

1098 937 1300 1022 (Mus.
1332 938 1520 1000 Caes.
1552 934 1784 1017 vain.)
2506 941 2516 950 ·

1175 1040 1378 1104 Numi
1420 1038 1490 1099 hi
1551 1036 1819 1110 docent,
1864 1036 2085 1119 aliquo
2139 1048 2446 1120 tempore
2501 1057 2627 1122 pro

1091 1144 1318 1206 IIviris
1388 1125 1736 1203 ordinariis
1804 1139 2043 1202 IIviros
2110 1138 2627 1224 quinquennales

1094 1245 1393 1310 coloniae
1440 1239 1824 1325 praefuisse.
1885 1240 2056 1303 Sane
2097 1241 2418 1325 Apuleius
2454 1241 2627 1322 'rhy-

1095 1367 1275 1410 asum
1350 1343 1676 1430 quendam
1747 1356 2070 1405 memorat
2158 1341 2626 1427 quinquennali

1088 1446 1261 1532 apud
1293 1442 1677 1509 Corinthum
1697 1443 2098 1528 magistratui
2117 1443 2505 1507 destinatum
2550 1447 2623 1525 ²)-

1092 1549 1181 1611 Et
1274 1545 1813 1638 Quinquenuales
1913 1557 2365 1609 memorantur
2424 1547 2620 1612 etiam

1087 1654 1152 1710 in
1198 1649 1413 1709 numis
1455 1647 1740 1709 Neronis
1783 1667 1978 1728 supra
2021 1646 2392 1733 descriptis.
2486 1648 2624 1711 Ali-

1087 1774 1197 1814 um
1242 1727 1396 1814 huic
1441 1748 1807 1836 geminum,
1851 1749 1975 1809 nisi
2018 1749 2196 1834 quod
2239 1771 2363 1833 pro
2407 1750 2618 1836 capite

1086 1855 1361 1939 Augusti
1401 1853 1795 1933 impressum
1838 1847 2095 1924 dicatur
2137 1866 2332 1935 caput
2375 1854 2468 1917 M,
2492 1856 2621 1916 An·

1086 1958 1286 2032 tonii,
1330 1954 1507 2017 inter
1547 1951 1740 2035 hujus
1782 1952 2001 2022 Illviri
2042 1972 2277 2017 numos
2322 1954 2618 2038 vulgavit

1087 2057 1477 2125 Vaillantius
1551 2053 1620 2116 in
1699 2054 1833 2116 suis
1909 2052 2317 2119 coloniarum
2376 2059 2612 2121 numia.

1080 2164 1325 2225 Mirum
1368 2155 1532 2220 mihi
1571 2154 1720 2238 jure
1767 2154 2013 2232 visum,
2056 2170 2410 2245 utrumque
2454 2160 2614 2225 nvi-

1087 2233 1232 2326 rum
1263 2305 1280 2336 ‚
1363 2277 1642 2340 eumque
1735 2261 2270 2341 quinquennalem
2345 2266 2608 2338 iterum,

1078 2381 1461 2446 comparere
1519 2357 1591 2421 in
1649 2356 1864 2421 numis
1922 2360 2140 2440 etJM.
2193 2362 2500 2438 Antonii,
2544 2376 2613 2425 et

1077 2459 1394 2549 Augusti,
1470 2478 1751 2544 quorum
1817 2458 1937 2522 ille
2009 2459 2087 2528 V·
2150 2459 2223 2525 C.
2306 2462 2454 2543 723.
2531 2466 2613 2528 ad

1078 2568 1339 2628 Actium
1397 2564 1660 2626 attritus
1715 2560 1874 2640 fuit,
1928 2559 2038 2625 hic
2094 2563 2358 2626 nonnisi
2409 2567 2492 2635 V.
2537 2568 2614 2635 C.

1075 2687 1221 2750 727.
1255 2665 1546 2749 ¹Augusti
1588 2664 1855 2727 nomine
1897 2662 2281 2731 honoratus.
2326 2665 2412 2728 At
2435 2668 2609 2730 enim

1078 2768 1379 2835 consulto
1421 2766 1693 2843 Patino,
1738 2785 1933 2851 quem
1975 2764 2373 2835 Vaillantius
2413 2768 2609 2854 hujus

1076 2871 1260 2937 numi
1318 2869 1604 2933 iudicem
1667 2887 1752 2932 ex
1809 2866 1950 2949 ejus
2007 2861 2307 2933 Familiis
2360 2893 2511 2956 pag.
2568 2873 2612 2936 5

1074 2972 1267 3049 citat,
1311 2974 1620 3035 continuo
1661 2969 1818 3044 vidi,
1858 2980 2075 3052 caput,
2119 2969 2298 3052 quod
2342 2986 2441 3035 est
2483 2975 2610 3036 Au.

1073 3075 1285 3160 gusti,
1332 3094 1366 3136 a
1411 3068 1767 3138 Vaillantio
1807 3090 2158 3154 perperam
2201 3090 2326 3154 pro
2358 3076 2451 3139 M.
2479 3077 2610 3138 An.

1074 3179 1241 3243 tonii
1283 3174 1497 3259 capite
1539 3184 1905 3254 acceptum.

1697 3324 1979 3410 ***

1160 3488 1332 3550 Ludi
1381 3485 1740 3549 ISTHMIA
1795 3481 2022 3567 scripti
2071 3484 2240 3549 intra
2292 3475 2603 3551 coronam

1071 3610 1156 3653 ex
1200 3590 1378 3672 apio,
1436 3585 1546 3650 vel
1602 3586 1795 3670 pinu,
1855 3584 2033 3649 obvii
2087 3587 2155 3648 in
2210 3588 2427 3649 numia
2484 3591 2606 3652 Co·

1074 3690 1310 3764 rinthi,
1353 3686 1528 3772 apud
1570 3708 1758 3769 quam
1820 3685 2051 3750 urbem
2105 3689 2394 3771 ‚primum
2444 3709 2606 3759 ,con-

1073 3790 1283 3855 stituti
1323 3789 1553 3863 fuere,
1613 3801 1684 3849 ut
1728 3786 2075 3852 docebitur
2128 3788 2305 3852 alibi.
2408 3793 2606 3856 Prae-

931 3922 944 3935 .
1075 3892 1278 3957 mium
1320 3891 1647 3955 victorum
1697 3888 1982 3971 primum
2027 3890 2231 3954 fuisse
2278 3914 2362 3956 ex
2418 3895 2600 3978 pinu,

1075 3991 1284 4056 serius
1331 4012 1414 4055 ex
1461 3987 1610 4072 apio
1673 3988 1897 4067 arido,
1959 3992 2156 4057 tradit
2215 3994 2602 4060 scholiastes

1073 4092 1413 4178 Apollonii
1456 4088 1701 4154 Rhodii
1743 4093 1833 4175 ¹³).

1073 4199 1217 4259 ΑΕ.
1268 4199 1333 4259 C.

2704 429 3233 537 AIA.'

2962 643 2967 648 ’
3033 638 3904 705 ANIMADVEBSIONES

2916 739 2991 798 in
3014 756 3240 798 mos
3269 744 3645 819 aryumenti-
3666 747 3997 812 Corinthii.

2784 856 3019 919 Exstat
3049 865 3397 921 numerum
3435 871 3735 923 veterum
3773 864 4096 946 quoddam
4118 890 4220 954 ge·

2700 975 2858 1033 nus,
2905 955 3080 1042 quod
3116 971 3388 1043 propter
3428 979 3543 1036 ea,
3597 985 3763 1048 quae
3807 967 4223 1049 disseremus,

2700 1078 2976 1122 necesse
3008 1070 3109 1120 est
3139 1058 3479 1126 liberalius
3504 1064 3906 1133 describere.

2783 1159 2942 1221 Pars
3000 1161 3211 1224 antica
3285 1164 3553 1229 exhibet
3632 1171 3837 1249 Caput
3901 1177 4222 1252 Palladis,

2687 1281 2858 1341 pone
2887 1269 3065 1347 quod
3084 1277 3236 1327 sunt
3259 1267 3484 1346 siqe'lla
3513 1271 3762 1354 infinite
3800 1276 3991 1334 varia
4011 1316 4029 1349 ,
4084 1278 4223 1338 deo·

2696 1383 2839 1424 reem
2857 1407 2875 1441 ,
2919 1368 3217 1442 dearum,
3262 1370 3615 1445 hominnm,
3660 1369 4079 1449 animalium,
4130 1399 4226 1440 ar·

2696 1467 3077 1544 tefactornm
3093 1508 3112 1542 ‚
3172 1478 3292 1529 aut
3332 1475 3763 1555 cujuscunque
3814 1478 3924 1537 rei·
3954 1496 4040 1539 ece
4082 1498 4227 1560 quo·

2694 1586 2937 1650 cunque
2965 1578 3241 1631 naturae
3268 1590 3464 1652 reque
3490 1576 3757 1650 petitae.
3843 1576 4005 1639 Pars
4040 1597 4223 1641 aver-

2693 1686 2762 1728 sa
2793 1686 2981 1727 suum
3024 1684 3346 1752 perpetuo
3396 1670 3597 1735 hahet
3637 1677 3955 1756 Peqasum
3999 1683 4217 1743 volan·

2693 1777 2838 1836 tem.
2939 1768 3191 1834 Omnes
3250 1771 3320 1833 hi
3375 1773 3593 1850 numi,
3649 1785 3833 1839 tanto
3906 1778 3975 1840 in
4045 1780 4218 1843 hunc

2691 1865 2864 1932 diem
2922 1890 3199 1933 numero
3259 1873 3677 1955 superstites,
3737 1889 3809 1940 ut
3866 1881 4081 1945 omnia
4141 1883 4215 1944 iis

2682 1961 2911 2033 ‘musea
2986 1971 3236 2035 referta
3295 1973 3461 2051 sint,
3518 1991 3980 2063 praeterquam
4041 1985 4223 2070 quod

2686 2069 3065 2136 memoratis
3094 2072 3384 2136 Palladis
3448 2089 3516 2140 et
3559 2077 3796 2161 Pegasi
3856 2084 4027 2167 typis
4069 2105 4221 2150 con-

2685 2172 2953 2257 spirant,
2997 2173 3235 2239 eodem
3281 2176 3474 2241 etiam
3520 2194 3670 2243 suut
3702 2183 4002 2263 metallo,
4042 2205 4219 2249 nem·

2682 2294 2766 2356 pe
2796 2291 3110 2361 argente,
3168 2278 3498 2362 pondere,
3559 2279 3735 2368 quod
3781 2281 3939 2348 duas
3992 2285 4219 2352 drach·

2683 2396 2821 2438 mas
2867 2378 3269 2463 aliquantum
3322 2381 3621 2460 excedit,
3692 2382 3973 2464 fabrica,
4050 2409 4216 2474 quae

2683 2477 2752 2538 in
2798 2478 3097 2545 omnihus
3152 2496 3254 2544 est
3302 2485 3650 2570 singularis
3706 2484 3985 2554 artificii.
4086 2483 4219 2573 Ty·

2683 2598 2839 2661 pum
2872 2578 3044 2644 hunc
3079 2580 3159 2644 ad
3193 2582 3400 2670 ipsam
3435 2586 3820 2651 Corinthum
3851 2590 4210 2673 pertinere,

2681 2697 2880 2743 nemo
2911 2678 3188 2749 dubitat.
3256 2686 3583 2750 Nimirum
3616 2687 3684 2750 in
3717 2688 3842 2752 hac
3873 2690 4037 2753 urhe
4066 2693 4221 2758 Pal·

2683 2781 2778 2844 las
2822 2782 3141 2867 templum
3186 2786 3414 2850 habuit
3458 2788 3726 2852 nomine
3787 2785 4213 2872 Χαλινιτιδος,

2682 2884 3111 2961 Frenatrs'cn's,
3175 2888 3325 2973 quia
3377 2889 3702 2975 Pegasum
3769 2887 3966 2955 freno
4030 2896 4215 2961 suba·

2683 2997 2857 3047 ctum
2897 2987 3404 3074 Bellerophonti
3449 2991 3693 3056 donum
3737 2992 3955 3070 dedit,
4017 3008 4093 3061 ut
4147 2997 4210 3058 in

2681 3087 3015 3168 Syracusis
3054 3088 3420 3155 docuimus.
3538 3164 3549 3175 ,

2760 3188 2948 3268 Dixi,
3000 3191 3066 3253 in
3109 3192 3343 3275 quibus
3388 3205 3599 3256 totum
3635 3195 3809 3259 istud
3860 3218 4209 3269 numorum

2675 3306 2912 3370 agmen
2951 3294 3320 3377 conspirat,
3382 3294 3619 3358 demtis
3663 3298 3927 3363 minutis
3978 3303 4206 3389 signis,

2676 3408 2841 3468 quae
2887 3392 3154 3457 omnino
3200 3395 3507 3460 videntur
3577 3397 3780 3463 fuisse
3840 3402 4203 3470 arbitraria.

2675 3490 3175 3558 nemon-andum
3208 3518 3382 3564 nunc
3415 3499 3607 3562 etiam
3633 3544 3650 3577 ,
3709 3502 3777 3565 in
3831 3505 4070 3587 quibus
4116 3508 4210 3575 di·

2674 3609 3005 3677 screpent.

2759 3697 2927 3773 Alii,
2989 3718 3265 3782 quorum¹
3328 3701 3605 3767 maxima
3649 3720 3751 3768 est
3790 3709 4017 3790 copia,
4098 3710 4207 3775 ha·

2676 3797 2834 3866 bent
2871 3798 2938 3860 in
2981 3819 3213 3865 aversa
3259 3803 3518 3869 literam
3563 3805 3613 3889 φ
3654 3804 3827 3870 infra
3856 3810 4211 3895 Pegasum,

2672 3899 2739 3960 in
2777 3902 2989 3965 antica
3029 3902 3288 3965 literam
3338 3926 3565 3981 unam,
3627 3923 3737 3972 aut
3790 3909 3948 3974 duas
3973 3902 4210 3993 ,staro

2672 4012 2837 4071 tres,
2881 4002 3229 4083 pluresve,
3302 3990 3403 4070 ute
3477 3992 3690 4073 ΕΤΘ.
3750 4008 4074 4089 ΕΤΤΤ.,
4139 4016 4207 4076 iu

2670 4120 2824 4177 uno,
2847 4101 3024 4188 quod
3055 4105 3276 4187 sciam,
3306 4108 3504 4193 plene
3544 4107 4205 4193 ΑΛΕΞΑΝΔΡΟΣ,

2671 4198 2755 4264 de
2790 4223 2921 4288 quo
2953 4203 3148 4275 infra.

1072 4353 4212 4395 Ἣ

1315 4465 1360 4524 t)
1399 4459 1634 4517 Metam.
1664 4459 1731 4516 L.
1763 4461 1837 4517 X.
1870 4480 1933 4537 p.
1963 4481 2041 4518 m.
2071 4470 2178 4523 209

2373 4465 2435 4535 ¹¹)
2474 4463 2590 4521 Ad.
2624 4465 2687 4522 L.
2718 4464 2820 4523 111.
2859 4488 2908 4525 v.
2941 4478 3098 4535 1239.

3618 4586 3643 4627 l
