4575 5850
1091 633 1234 717 ‘576
2204 632 2265 706 C
2424 634 2485 706 A
2635 633 2696 704 R

1087 804 1260 890 apud
1303 803 1663 888 Ephesum.
1727 802 1890 866 cum
1938 802 2078 865 hini
2132 804 2195 863 in
2256 802 2360 865 bis
2421 801 2637 865 numis

1094 917 1544 989 proponantur
1631 905 2081 988 magistratus,
2168 903 2435 967 dubium
2509 925 2638 965 non

1097 1006 1388 1076 videtur,
1457 1026 1655 1067 unum
1718 1005 1920 1068 fuisse
1970 1005 2505 1087 Aphrodisiadis,
2550 1006 2637 1066 al·

1095 1126 1308 1172 terum
1358 1105 1702 1179 Plarasae,
1774 1126 1940 1190 quae
2002 1107 2247 1190 alioqui
2302 1105 2489 1167 fuere
2553 1107 2640 1166 vi·

1098 1210 1323 1282 cinae,
1360 1221 1446 1269 ·et
1501 1206 1594 1271 sic
1647 1205 1999 1270 concordia
2069 1206 2366 1287 junctae,
2423 1218 2492 1268 et
2537 1224 2637 1265 se·

1099 1308 1381 1373 cundum
1426 1321 1639 1370 certas
1693 1307 1878 1389 leges
1924 1305 2155 1369 eadem
2189 1320 2449 1368 moneta
2483 1325 2635 1368 usae

1093 1410 1422 1476 videntur.

1180 1511 1270 1572 I-li
1318 1506 1498 1572 numi
1547 1519 1821 1589 propter
1870 1507 2249 1569 societatem
2300 1525 2447 1568 cum
2498 1506 2639 1566 Pla-

1095 1611 1468 1676 rasensibus
1523 1605 1704 1668 haud
1778 1604 1976 1668 dubie
2037 1604 2121 1669 ad
2176 1609 2346 1669 hanc
2406 1608 2636 1669 Cariae

1098 1708 1644 1797 Aphrodisiadem
1685 1706 2054 1791 pertinent,
2098 1723 2164 1771 at
2199 1709 2410 1771 minus
2454 1722 2637 1771 certe

1095 1813 1179 1889 ii,
1252 1814 1361 1895 qui
1426 1820 1822 1893 sequuntur,
1876 1828 2026 1869 nam
2090 1809 2453 1892 Stephanus
2528 1808 2640 1871 de·

1103 1936 1247 1978 cem
1291 1916 1420 1976 hoc
1449 1909 1714 1972 nomine
1746 1908 1946 1993 urbes
1984 1924 2344 1973 enumerat.
2392 1909 2638 1974 Proba·

1091 2018 1226 2080 bite
1288 2029 1503 2077 tamen
1563 2023 1700 2091 est,
1755 2006 1948 2090 hujus
1992 2009 2222 2072 Cariae
2271 2009 2455 2072 urbis
2489 2028 2637 2072 esse

1094 2140 1246 2193 eos,
1305 2117 1451 2202 qui,
1512 2113 1577 2175 in
1636 2109 1845 2172 antica
1904 2108 2194 2173 offerunt
2224 2114 2457 2196 Lcapita
2527 2111 2637 2174 ad-

1092 2219 1231 2281 dito
1288 2207 1649 2293 BOTAH,
1693 2208 1795 2273 vel
1842 2201 2207 2287 'AHMOQ
2263 2214 2371 2275 vel
2422 2208 2638 2276 cTN-

1089 2314 1506 2390 KAHTOC,
1586 2311 1775 2373 obvia
1851 2308 1919 2369 in
1981 2311 2193 2371 numis
2252 2314 2633 2395 provinciae

1090 2420 1322 2493 Asiae,
1385 2430 1494 2479 aut
1551 2412 1664 2498 qui
1707 2410 2062 2474 certamina
2105 2413 2360 2476 Attalea
2406 2416 2637 2477 inscri-

1170 2724 1407 2785 Muls‘er
1436 2727 1618 2779 stans
1649 2716 2089 2776 sinistrorsum
2107 2735 2414 2778 conversa
2426 2719 2640 2792 capite

1088 2827 1363 2888 iaculato
1419 2828 1484 2879 et
1517 2822 1730 2878 velato
1753 2857 1771 2888 ,
1815 2817 2115 2877 manibus
2151 2818 2456 2877 nonnihil
2489 2837 2638 2893 pro·

1090 2929 1323 2996 tensis,
1358 2937 1625 2996 superne
1649 2917 1799 2976 hinc
1828 2927 2071 2979 astrum
2100 2918 2296 2988 solis,
2345 2918 2495 2978 inde
2540 2919 2637 2978 1„-

1087 3046 1244 3099 ηαε,
1309 3021 1484 3082 humi
1548 3016 1775 3093 infans
1800 3060 1809 3069 .
1830 3016 2030 3076 sellae
2064 3017 2410 3089 taddeus,
2484 3018 2636 3077 inde

1094 3146 1454 3292 ‘agenoria
1507 3215 1577 3277 iu
1619 3213 1741 3276 hac
1768 3210 1936 3276 urhe
1983 3214 2233 3278 cultum
2257 3212 2464 3278 fuisse
2500 3215 2636 3277 exi-

1090 3304 1335 3399 mium,
1393 3320 1523 3405 jam
1583 3315 1797 3407 ipsum
1859 3334 2101 3377 nomen
2157 3316 2376 3400 arguit
2419 3338 2455 3379 a
2513 3318 2637 3379 Ve·
2697 3366 2706 3375 .

1089 3445 1286 3501 nere,
1370 3418 1489 3483 ἄπο
1553 3438 1667 3490 της
1745 3408 2138 3494 Δφροδιτης,
2194 3416 2506 3490 inditum,
2536 3429 2633 3485 ,et

1088 3537 1412 3593 testantur
1439 3519 1635 3584 etiam
1666 3524 1970 3580 auctores
2017 3517 2219 3580 validi
2244 3517 2508 3579 Tacitus
2537 3518 2629 3615 P),

992 3618 995 3625 '
1091 3644 1161 3693 et
1222 3625 1554 3711 Appianus
1583 3621 1672 3699 q).
1724 3616 2076 3680 Muliebris
2158 3617 2326 3681 haec
2367 3616 2633 3698 figura,

1092 3729 1351 3816 qualem
1396 3720 1765 3806 descriptus
1808 3716 1923 3781 hic
1959 3738 2197 3782 numus
2222 3716 2411 3793 sistit,
2438 3736 2636 3799 saepe

1092 3845 1227 3892 tam
1305 3829 1375 3888 in
1449 3824 1849 3897 mutunensis,
1926 3839 2120 3902 quam
2194 3817 2638 3901 imperatoriis

1094 3929 1293 4013 hujus
1350 3924 1547 4007 urbis·
1591 3921 1807 3982 numis
1860 3919 2189 3995 occurrit,
2244 3918 2637 4005 videturque

1100 4026 1248 4094 esse
1294 4040 1483 4089 vetus
1526 4022 1729 4103 ipsius
1757 4018 2041 4088 Veneris
2084 4018 2506 4084 simulacrum
2554 4022 2636 4085 ab

1099 4129 1366 4214 antiquo
1409 4124 1474 4186 in
1518 4122 1642 4187 hac
1685 4121 1852 4184 urhe
1895 4121 2166 4196 cultum,
2197 4132 2265 4183 et
2291 4121 2640 4204 mysteriis,
2671 4116 2688 4139 ¹

999 4228 1003 4233 ⁴
1100 4224 1227 4298 ceu
1272 4221 1464 4294 vetus
1508 4222 1677 4288 illud
1711 4222 1961 4285 Dianae
1989 4221 2340 4307 Ephesiae,
2386 4224 2636 4286 circu-m

1101 4332 1394 4416 undique
1438 4338 1715 4413 septum,
1764 4343 1930 4408 quae
1976 4323 2310 4407 explicare
2339 4343 2471 4389 non
2500 4338 2643 4387 ten·

982 4420 991 4433 ⁸
1100 4452 1195 4502 to.
1249 4436 1402 4499 Non
1452 4442 1671 4493 tamen
1727 4424 1963 4489 desunt
2023 4422 2283 4508 effigies
2339 4427 2642 4496 Veneris,

2845 629 3116 706 IA.

2709 805 2981 891 ejusque
3042 805 3352 869 comitum
3420 801 3814 870 recentioris
3863 799 4250 889 elegantiae,

2710 926 2774 971 v.
2817 929 2880 991 g.
2930 913 3141 970 Venus
3176 918 3355 970 stans
3387 912 3448 971 d.
3474 929 3763 986 pomum,
3795 927 3847 967 s.
3877 910 4133 967 hastam
4175 938 4252 950 -

2716 1011 2929 1069 Venus
2968 1012 3145 1070 nuda
3188 1020 3386 1070 stan-e.
3411 1012 3665 1088 spinam
3708 1010 3837 1068 sibi
3859 1029 3895 1067 e
3922 1012 4089 1085 pede
4114 1009 4250 1067 exi-

2711 1129 2882 1171 mere
2925 1114 3071 1173 visa
3113 1112 3545 1171 subserviente
3589 1112 3916 1187 cupidine.
3955 1138 4042 1152 --
4069 1108 4256 1186 Cupi:

2707 1213 2789 1270 clo
2843 1219 3026 1270 stans
3081 1185 3304 1273 areum
3347 1214 3644 1276 intendit.
3711 1247 3780 1259 -
3846 1211 4249 1287 Hymenaeus

2709 1320 2890 1370 stans
2935 1331 3078 1372 cum
3116 1314 3291 1391 face.
3340 1348 3410 1361 -
3449 1311 3845 1373 insolentior
3873 1321 4065 1390 typus
4113 1319 4248 1367 est:

2713 1413 2995 1472 Cor-allia
3012 1454 3029 1483 ,
3081 1422 3156 1475 ut
3196 1416 3494 1474 videntur
3511 1455 3529 1486 ,
3572 1415 3702 1473 tria
3749 1415 3926 1472 velut
3962 1430 4047 1471 ea:
4110 1411 4254 1470 bau·

2710 1516 3034 1594 quadrata
3079 1514 3538 1576 excrescentia.
3598 1512 3763 1573 Sunt
3805 1511 3874 1573 hi
3904 1512 4085 1571 numi
4118 1528 4249 1570 om·

2709 1630 2827 1673 nes
2874 1609 3043 1695 apud
3074 1611 3530 1676 Pellerinium.

3320 1727 3605 1812 st**

2794 1851 3039 1930 Fiyura
3103 1851 3295 1928 fluvii
3352 1854 3531 1911 humi
3587 1854 3998 1918 decumbens,
4067 1848 4248 1928 s'nsm

2707 1945 3236 2016 KOPCTMOC.
3287 1952 3584 2035 (Hsym.)
3630 1956 3702 2014 iu
3741 1956 3920 2015 alio.-
3971 1941 4248 2009 TlMe-

2707 2043 2923 2126 AHC,
2954 2052 3336 2135 (Pellerin.)

2795 2149 2866 2214 Si
2927 2156 3290 2234 Cor-aymus,
3349 2168 3418 2216 et
3480 2156 3750 2216 Timeles
3802 2149 3990 2215 fluvii
4032 2147 4246 2221 fuere,

2710 2255 2981 2328 mirum,
3025 2255 3320 2316 neutrius
3365 2253 3537 2338 apud
3579 2254 3938 2337 scriptores
3983 2262 4251 2314 veteres

2706 2374 3063 2419 occurrere
3132 2356 3556 2417 mentionem.
3655 2354 4076 2437 Magistratus
4150 2347 4251 2407 his

2707 2455 3080 2523 nominibus
3139 2471 3323 2520 certe
3383 2478 3515 2519 non
3577 2453 3942 2529 indicatur,
3989 2471 4142 2515 cum
4186 2449 4250 2508 in

2706 2559 3075 2620 autonomis
3130 2556 3272 2619 aliis
3330 2557 3506 2622 circa
3568 2557 3697 2620 hoc
3761 2565 3997 2620 aevum
4043 2552 4256 2633 signa·

2708 2657 2793 2718 tis
2867 2671 3241 2719 constanter
3318 2659 3688 2734 omittatur,
3764 2672 3982 2740 neque
4054 2651 4250 2714 etiam

2709 2758 3023 2821 omissum
3052 2758 3282 2844 fuisset
3316 2759 3647 2821 archontis
3676 2757 4041 2842 epitheton,
4077 2753 4252 2839 quod

2707 2858 2861 2923 inde
2908 2881 2943 2921 a
2984 2864 3078 2923 M.
3130 2853 3401 2927 Aurelio
3447 2861 3860 2947 magistratus
3901 2856 4154 2918 nomini
4185 2855 4252 2915 in

2706 2950 3164 3042 imperatorii(
3193 2981 3458 3045 semper
3502 2961 3789 3025 additur.
3829 2962 3936 3022 Ex
3970 2974 4106 3041 quo
4141 2975 4248 3017 se-

2707 3063 2960 3145 quitur,
3018 3060 3218 3126 fuisse
3277 3084 3499 3129 sacros
3554 3066 3621 3126 in
3671 3058 3904 3126 vicinia
3943 3058 4166 3122 fontes
4211 3079 4244 3116 a

2707 3161 3106 3243 geographis
3142 3166 3521 3251 neglectos,
3570 3163 3652 3227 de
3685 3183 3815 3247 quo
3849 3157 4036 3232 vide,
4085 3177 4244 3242 quae

2707 3261 3027 3343 disputavi
3055 3266 3120 3325 in
3161 3267 3375 3328 numia
3403 3265 3750 3330 Phocaeae
3794 3262 4039 3329 Ioniae.

3338 3385 3621 3468 *⁸*

2788 3500 2960 3566 Ludi
3017 3508 3283 3569 Attalea
3337 3517 3645 3569 notantur
3701 3502 3894 3566 etiam
3953 3505 4017 3563 in
4077 3510 4245 3559 auto-

2705 3603 2951 3680 nomis,
3023 3605 3107 3667 de
3168 3600 3412 3690 ‘quibus
3496 3606 3748 3691 agimus
3833 3600 3900 3663 in
3972 3605 4241 3686 impera·

2708 3705 2916 3772 toriis.

2709 3813 2846 3875 AB.
2884 3812 3129 3874 BRRB.
3154 3817 3298 3885 AB.
3327 3812 3403 3872 R.

3189 3966 3757 4044 Imperator-ii.

2794 4118 3139 4183 Habentur
3207 4117 3290 4183 ab
3360 4121 3658 4205 Augusto
3737 4116 3819 4212 ad
3875 4115 4242 4180 Saloninam

2707 4241 2941 4305 usque.
3043 4220 3323 4306 Insignis
3365 4235 3468 4284 est
3506 4238 3741 4282 numus
3782 4217 3939 4282 Did.
3995 4216 4242 4301 Iuliani,

2710 4342 2910 4406 quem
2952 4322 3136 4388 dedit
3170 4321 3528 4401 Sestinius,
3573 4316 3877 4402 (Letter‘e
3927 4324 4004 4386 Τ.
4049 4320 4163 4390 lv.
4193 4335 4251 4397 p·

2720 4425 2892 4509 ¹¹7·)
2956 4423 3117 4500 sed,
3173 4437 3247 4486 ut
3301 4421 3461 4486 mihi
3505 4421 3843 4498 videatur,
3890 4435 4246 4507 suspectus.

1274 4740 1307 4753 q
1334 4657 1402 4730 1²)
1439 4655 1600 4719 Anu.
1625 4648 1727 4716 111.
1754 4657 1844 4715 62.
1953 4649 2018 4723 q)
2054 4646 2205 4709 seu„
2232 4646 2345 4709 civ.
2372 4648 2439 4708 L.
2468 4646 2511 4709 1.
2540 4667 2595 4708 c.
2627 4656 2722 4714 ενι,
2829 4610 2836 4621 ’
