4575 5850
1770 665 1999 738 ΕΙ,

419 833 812 927 ‘praesente
873 849 1102 920 suapte
1166 850 1412 915 cessat,
1473 858 1558 902 ex
1602 858 1732 924 quo
1779 836 2019 900 certic·

466 942 608 1005 rem
687 942 828 1025 ejus
902 938 1208 1005 vocabuli
1300 938 1671 1023 explicandi
1750 938 2016 1001 modum

467 1041 722 1127 reperi,
783 1055 1049 1105 secutus
1108 1059 1345 1126 nempe
1393 1040 1705 1125 judicium
1748 1038 2022 1101 Richar-

467 1144 534 1207 di
583 1144 844 1227 Payne,
906 1162 1141 1205 numos
1187 1138 1633 1205 FAAEIQN
1690 1139 1863 1202 Elidi
1908 1141 2020 1202 tri·

467 1248 763 1323 buentis,
823 1247 889 1309 in
952 1245 1138 1327 cujus
1199 1263 1327 1328 ego
1373 1245 1676 1310 meritum
1726 1263 1874 1307 cum
1925 1242 2023 1304 in·

470 1350 840 1435 quiret-em,
885 1345 1083 1410 facile
1131 1346 1474 1430 perspexi,
1521 1345 1685 1407 nihil
1722 1345 1841 1408 illo
1873 1363 2022 1408 csse

469 1451 723 1528 verius,
769 1444 937 1512 nihil
993 1447 1445 1534 praestantius.
1536 1446 1734 1510 Enim
1772 1465 1934 1510 vcro
1966 1446 2021 1507 si

467 1550 824 1635 fingamu5‚
870 1570 995 1631 pro
1040 1544 1489 1612 FAAEIQN
1548 1550 1615 1610 in
1660 1546 1760 1609 his
1806 1547 2021 1610 numis

473 1654 787 1738 scriptum
850 1670 996 1713 esse
1062 1645 1485 1732 AAEIQN,
1529 1669 1725 1712 nemo
1772 1647 2022 1712 dubita·

471 1755 675 1828 verit,
722 1753 877 1838 quin
923 1755 1235 1819 continuo
1295 1752 1565 1838 patriam
1620 1752 1700 1813 iis
1754 1748 2016 1814 Elidem

473 1855 794 1940 adsignet.
816 1854 1140 1917 Nimirum
1161 1853 1363 1916 Elidis
1386 1853 1631 1940 gentile
1650 1867 1749 1916 cst
1767 1849 2018 1928 Ηλειος,

473 1955 649 2041 quod
699 1977 831 2018 non
877 1956 1076 2019 modo
1129 1969 1415 2019 statuunt
1466 1955 1840 2041 scriptores,
1894 1954 2012 2016 scd

466 2072 532 2120 et
588 2057 769 2120 numi
805 2057 1005 2140 hujus
1060 2059 1277 2142 gentis
1323 2056 1729 2140 imperatorii
1786 2055 2013 2118 inscri-

473 2161 567 2242 pti
612 2155 1021 2223 HAElnN.
1114 2158 1174 2220 A
1217 2179 1340 2243 pro
1398 2155 1466 2218 H
1509 2178 1703 2222 nemo
1748 2154 2011 2220 mirabi-

468 2278 615 2336 tur,
679 2260 1048 2344 quinovit,
1108 2260 1459 2323 dialectum
1510 2261 1823 2324 Doricam
1887 2278 2011 2342 por

465 2361 998 2444 Peloponnesum
1034 2361 1334 2429 valuisse.
1381 2365 1490 2425 Ait
1513 2362 1880 2445 Stephanus
1912 2362 2010 2443 0):

468 2462 570 2543 ἄρ’
617 2461 644 2523 ὖ
701 2462 927 2536 Αλεως
983 2462 1013 2524 o'
1068 2463 1257 2541 Ζευς,
1317 2489 1362 2527 a
1413 2490 1537 2549 quo
1596 2465 1866 2549 (nempe
1923 2463 2008 2525 nb

463 2559 725 2644 Ηλειος)
778 2580 875 2630 est
921 2568 1165 2644 Iupiter
1199 2571 1437 2643 Aletes,
1483 2567 1553 2629 id
1599 2581 1737 2640 est,
1782 2585 2013 2628 secun·

469 2664 620 2727 dum
651 2665 999 2730 dialectum
1033 2687 1445 2730 communem
1479 2671 1675 2731 Eleus
1692 2668 1759 2749 ⁴³)
1794 2669 2012 2736 Vnum

463 2768 670 2852 igitur
711 2781 1013 2849 superest
1056 2769 1112 2829 F
1163 2768 1548 2851 praefixum,
1594 2769 1709 2831 sed
1747 2784 1813 2832 et
1839 2766 2015 2830 istud

468 2870 831 2957 explicatus
874 2868 1071 2955 plani,
1119 2870 1483 2955 facilisque.
1540 2872 1650 2933 Est
1703 2871 1874 2934 enim
1923 2868 2010 2932 di-

472 2994 726 3059 gamma
808 2973 1193 3049 Aeolicum,
1284 2975 1672 3058 frequenter
1739 2972 2015 3036 testibus

469 3076 940 3158 grammaticis,
998 3089 1065 3136 ct
1143 3073 1578 3137 marmoribus
1643 3074 1848 3157 magis
1909 3094 2018 3137 re·

464 3179 654 3240 tustis
699 3178 982 3260 positum
1027 3190 1137 3238 aut
1186 3191 1336 3240 ante
1384 3175 1654 3242 verbum
1720 3198 1756 3239 a
1801 3175 2013 3239 vocali

465 3279 811 3363 incipiens,
841 3292 948 3341 aut
987 3278 1161 3340 inter
1188 3277 1347 3342 duas
1377 3281 1663 3354 vocales,
1689 3279 2014 3363 cujusmo-

466 3381 538 3443 di
564 3397 709 3445 sunt
744 3384 809 3445 in
843 3377 1380 3462 inscriptionibus
1415 3380 1686 3444 Graecis
1720 3380 2013 3463 peranti-

465 3484 613 3567 quis
661 3476 1072 3557 FOIKIAN,
1126 3478 1433 3546 AFVTO
1479 3501 1604 3564 pro
1656 3476 2012 3554 ΟΙΚΙΑΝ,

465 3583 982 3661 ATTO,tum1n
1002 3583 1213 3645 numis
1227 3582 1351 3644 Axi
1373 3583 1609 3645 Cretae
1626 3579 2013 3658 FAEtssN,

462 3700 660 3771 atque
720 3686 1081 3749 secundum
1132 3686 1298 3749 hanc
1365 3687 1582 3767 legem
1633 3677 2018 3768 explicanda

463 3803 619 3849 sunt
648 3786 964 3852 vocabula
984 3809 1178 3870 supra
1198 3799 1556 3851 memorata
1570 3783 1717 3846 FA.
1735 3780 2015 3849 FAET.

463 3884 867 3954 ETFAPA.
911 3887 1043 3951 Sed
1083 3890 1164 3952 de
1202 3889 1394 3970 hujus
1420 3886 1742 3973 digamma
1761 3889 2014 3954 Aeolici

461 4004 818 4068 natura,‘et
848 4012 971 4052 usu
1002 3993 1194 4076 plura
1237 3992 1635 4054 disseremus
1679 3990 2012 4055 volumine

465 4095 578 4160 lv.
639 4094 702 4153 in
764 4105 1040 4156 tractatu
1106 4091 1189 4155 de
1262 4095 1434 4155 notis
1499 4093 2014 4178 chronologicis.

913 4268 988 4276 0——

671 4338 761 4408 70)
797 4336 867 4392 In
909 4324 1128 4412 Ηλις.1
1183 4322 1203 4345 '⁸

2097 665 2136 737 I
2238 664 2311 735 S.
3494 672 3637 752 262

2091 834 2327 899 Addita
2390 841 2554 899 vero
2612 832 2885 897 Aeolica
2936 832 3055 896 hac
3105 845 3256 897 nota
3297 836 3368 897 hi
3413 830 3643 923 pop'uli

2056 949 2552 1018 'nonnunquam
2629 934 2967 998 indulsere
3042 934 3447 1014 archaismo,
3511 961 3642 1024 quo

2093 1037 2295 1104 modo
2348 1037 2786 1100 Athenienses
2823 1037 2891 1098 in
2929 1037 3143 1099 numis
3190 1040 3323 1103 suis
3353 1042 3648 1122 scripsis-

2094 1160 2169 1203 sc
2226 1136 2443 1204 ΑΘΕ.
2490 1160 2612 1225 pro
2665 1135 2888 1203 ΑΘΗ.
2934 1137 3214 1201 ἀὶᾰιὶηωε
3244 1141 3439 1204 etiam
3480 1154 3643 1223 tum,

2095 1262 2245 1306 cum
2301 1243 2563 1306 literam
2607 1237 2675 1301 H
2715 1239 2848 1322 jam
2880 1258 3239 1323 recepere.·
3317 1244 3419 1307 Ad
3456 1259 3645 1330 typos

2095 1343 2332 1407 horum
2408 1362 2754 1405 numorum
2831 1341 3008 1428 quod
3087 1342 3350 1420 attinet,
3414 1365 3496 1409 ex
3562 1347 3643 1410 iis

2096 1455 2399 1530 quoque‘
2428 1437 2691 1507 Elidem
2745 1441 2938 1507 facile
2990 1465 3324 1529 agnoscas.
3416 1447 3642 1531 Typus

2092 1548 2314 1632 potior
2383 1560 2483 1609 est
2568 1547 2896 1630 luppiter,
2974 1559 3082 1607 aut
3124 1568 3302 1632 -quae
3347 1548 3426 1611 ad
3489 1571 3645 1622 eum

2091 1650 2455 1733 pertinent,
2501 1647 2735 1731 aquila,
2783 1660 2850 1708 et
2881 1645 3161 1712 fulmen,
3202 1651 3287 1712 At
3320 1651 3427 1714 cui
3458 1653 3646 1735 igno.

2092 1761 2193 1815 tus
2237 1749 2535 1834 Iuppiter
2582 1747 2933 1832 Olympius
2996 1770 3287 1815 summae
3318 1772 3469 1835 -per
3506 1755 3647 1818 Eli·

2093 1854 2241 1917 dcm
2302 1849 2699 1936 religionis?
2742 1852 2919 1933 Ergo
2960 1852 3177 1915 etiam
3227 1854 3376 1938 jure
3420 1855 3521 1917 illi
3574 1857 3644 1920 in

2088 1956 2304 2019 numis
2360 1955 2504 2016 aliis
2565 1951 2806 2017 sociata
2868 1955 3029 2016 luno
3089 1974 3314 2033 soror,
3372 1973 3438 2020 et
3490 1953 3661 2023 con?

2082 2057 2217 2135 iux.
2312 2055 2611 2141 luppiter
2658 2067 2725 2117 et
2771 2056 2986 2140 aquila
3031 2078 3228 2143 saepe
3264 2073 3412 2122 sunt
3446 2060 3643 2123 etiam

2084 2156 2632 2240 inimperatoriis,
2652 2155 2764 2239 qui
2787 2171 2973 2220 certe
3004 2173 3150 2221 sunt
3170 2158 3405 2225 Elidis.
3441 2164 3511 2223 In
3529 2185 3642 2228 au..

2082 2277 2353 2326 tonomo
2383 2279 2589 2323 aeneo
2625 2273 2725 2320 est
2758 2255 3204 2320 FAAEmN
3248 2260 3416 2323 intra
3450 2284 3646 2330 coro·

2085 2385 2273 2442 nam3
2322 2362 2554 2426 eadem
2580 2379 2808 2422 aversa
2848 2373 2949 2422 est
2981 2359 3045 2420 in
3084 2383 3282 2425 numo
3303 2365 3638 2443 Hadriani,

2084 2466 2210 2526 nisi
2243 2464 2423 2549 quod
2444 2464 2700 2526 omissis
2719 2460 3094 2525 archaismis
3111 2462 3642 2548 legitur-HABI-

2089 2563 2238 2628 ΩΝ
2259 2588 2281 2644 3
2335 2566 2458 2627 hac
2492 2565 2665 2627 enim
2696 2563 2826 2647 jam
2856 2577 3069 2625 aetate
3106 2565 3305 2627 urbes
3342 2569 3641 2633 Graecae

2089 2666 2346 2731 omissis
2381 2667 2676 2732 dialectis
2708 2683 3121 2730 communem
3142 2667 3473 2732 scribendi
3503 2693 3641 2736 mo-

2091 2768 2245 2831 dum
2297 2782 2446 2831 sunt
2503 2782 2787 2832 secutae.
2879 2771 2991 2832 Sic
3042 2769 3134 2828 in.
3166 2772 3640 2836 vetustioribus

2088 2873 2250 2935 Meti
2285 2869 2534 2934 insulae
2567 2870 2782 2933 numis
2816 2884 2917 2934 cst
2949 2866 3386 2952 ΜΑΛῙΩΝ,
3418 2876 3483 2937 in
3522 2894 3639 2962 po·

2090 2974 2479 3037 sterioribus
2517 2967 2956 3038 MHAlnN.

2172 3076 2276 3137 Ex
2326 3073 2464 3148 his,
2509 3094 2673 3156 quae
2706 3074 3211 3161 disputavimus,
3246 3080 3545 3163 sequitur
3588 3085 3638 3142 Ι.

2091 3177 2188 3240 Si*
2226 3176 2296 3237 hi
2352 3177 2535 3238 nurui
2588 3177 2784 3239 etiam
2842 3191 3195 3261 propterea
3250 3181 3427 3244 Elidi
3492 3196 3643 3245 sunt

2085 3278 2457 3353 tribuendi,
2508 3277 2658 3363 quia
2708 3278 3095 3364 inscriptum
3136 3284 3383 3365 gentile
3432 3284 3640 3349 Eleos

2085 3382 2213 3445 rite
2271 3379 2610 3454 enunciat,
2660 3393 2843 3442 tanto
2884 3382 3090 3466 magis
3125 3384 3396 3447 arcendi
3444 3403 3640 3451 erunt

2086 3507 2124 3547 a
2171 3483 2486 3554 Faliscis,
2546 3484 2658 3565 qui
2706 3505 2740 3544 s
2782 3481 3045 3546 nemine
3076 3482 3235 3550 dicti
3261 3487 3450 3552 fuere
3486 3483 3638 3550 Φα-

2089 3588 2273 3661 λειοῖ,
2333 3604 2596 3668 semper
2670 3576 3015 3650 «hamme.
3118 3587 3304 3684 Quae
3363 3590 3632 3673 quidem

2091 3708 2284 3750 eausa
2334 3705 2438 3747 me
2481 3682 2737 3767 pridem
2772 3709 2808 3750 a
2837 3687 3110 3751 Faliscis
3152 3690 3439 3754 reddidit
3479 3694 3637 3758 alie·

2089 3810 2285 3864 num,
2346 3787 2464 3851 scd
2527 3788 2677 3872 quia
2735 3789 2972 3853 melius
3030 3792 3183 3876 quid
3226 3816 3359 3856 non
3405 3814 3636 3859 occur·

2088 3892 2207 3966 rit,
2253 3903 2517 3953 secutus
2564 3910 2703 3952 sum
2755 3894 3144 3957 sententiam
3194 3896 3503 3980 plurium.
3552 3901 3635 3965 11.

2089 3993 2160 4055 Si
2202 3994 2268 4053 in
2306 3993 2409 4055 his
2463 3994 2675 4055 numis
2712 3992 2768 4056 F
2813 3996 3098 4078 positum
3148 4012 3321 4061 esset
3357 4020 3480 4083 pro
3536 3995 3636 4079 (l),

2090 4093 2327 4156 mirum
2381 4114 2535 4158 sane
2582 4093 2792 4172 foret,
2831 4118 2961 4160 non
2998 4118 3355 4164 occurrere
3401 4103 3635 4169 saltem

709 4439 767 4510 ⁸)
806 4435 974 4496 Istud
1019 4457 1152 4493 cum
1204 4448 1415 4516 suapte
1458 4438 1682 4495 clarum
1726 4437 1830 4505 sit,
1872 4436 2214 4497 mirabimur
2260 4459 2431 4511 sanc,
2476 4439 2810 4498 Berltelium
2853 4441 3141 4519 Stephani
3193 4444 3482 4503 editorem
3514 4444 3631 4519 hoc

467 4532 607 4589 loco
646 4548 759 4606 pro
798 4530 1059 4607 Αλειος,
1096 4528 1435 4605 reposuisse
1472 4524 1737 4601 Ηλεισς,
1779 4541 1954 4603 atque
1993 4528 2154 4585 istud
2192 4541 2362 4587 tanto
2400 4530 2613 4608 magis,
2655 4531 2820 4606 quod
2854 4531 2982 4608 ipse
3020 4533 3355 4604 adseritsin
3394 4535 3629 4608 Αλειος

465 4619 704 4678 codices
743 4638 942 4678 omnes
981 4617 1346 4694 conspirare·
1375 4616 1630 4677 Thomas
1656 4615 1886 4677 Pinedo
1931 4618 2080 4676 alter
2109 4617 2398 4696 Stephani
2441 4619 2637 4678 editor
2681 4620 2806 4681 sive
2854 4623 3127 4694 cautior,
3158 4625 3279 4682 sive
3321 4623 3629 4695 eruditior,

467 4709 668 4767 locum
713 4709 990 4769 intactum
1025 4706 1291 4782 reliquit.

3072 4802 3225 4868 Lla
