<?xml version="1.0" encoding="UTF-8"?>
<!DOCTYPE html PUBLIC "-//W3C//DTD XHTML 1.0 Transitional//EN"
    "http://www.w3.org/TR/xhtml1/DTD/xhtml1-transitional.dtd">
<html xmlns="http://www.w3.org/1999/xhtml" xml:lang="en" lang="en">
 <head>
  <title>
</title>
<meta http-equiv="Content-Type" content="text/html;charset=utf-8" />
  <meta name='ocr-system' content='tesseract 3.04.00' />
  <meta name='ocr-capabilities' content='ocr_page ocr_carea ocr_par ocr_line ocrx_word'/>
</head>
<body>
  <div class='ocr_page' id='page_1' title='image "./doctrinanumorum08unkngoog_0094.png"; bbox 0 0 4575 5850; ppageno 0'>
   <div class='ocr_carea' id='block_1_1' title="bbox 1035 385 1181 461">
    <p class='ocr_par' dir='ltr' id='par_1_1' title="bbox 1035 385 1181 461">
     <span class='ocr_line' id='line_1_1' title="bbox 1035 385 1181 461; baseline 0.055 -8"><span class='ocrx_word' id='word_1_1' title='bbox 1035 385 1181 461; x_wconf 63' lang='lat'><strong>84.</strong></span> 
     </span>
    </p>
   </div>
   <div class='ocr_carea' id='block_1_2' title="bbox 1025 522 2565 731">
    <p class='ocr_par' dir='ltr' id='par_1_2' title="bbox 1025 522 2565 731">
     <span class='ocr_line' id='line_1_2' title="bbox 1025 522 2565 600; baseline -0.003 1"><span class='ocrx_word' id='word_1_2' title='bbox 1025 536 1321 600; x_wconf 85' lang='lat' dir='ltr'><strong>moribus</strong></span> <span class='ocrx_word' id='word_1_3' title='bbox 1381 531 1833 598; x_wconf 78' lang='lat' dir='ltr'><strong>vetustissimis</strong></span> <span class='ocrx_word' id='word_1_4' title='bbox 1892 522 2187 598; x_wconf 75' lang='lat' dir='ltr'><strong>emnium</strong></span> <span class='ocrx_word' id='word_1_5' title='bbox 2246 526 2565 599; x_wconf 78' lang='lat' dir='ltr'><strong>Graeciae</strong></span> 
     </span>
     <span class='ocr_line' id='line_1_3' title="bbox 1026 633 2565 731; baseline -0.002 -30"><span class='ocrx_word' id='word_1_6' title='bbox 1026 639 1382 709; x_wconf 81' lang='lat' dir='ltr'><strong>nationum,</strong></span> <span class='ocrx_word' id='word_1_7' title='bbox 1422 633 1792 716; x_wconf 77' lang='lat' dir='ltr'><strong>Amyclaeis</strong></span> <span class='ocrx_word' id='word_1_8' title='bbox 1831 636 2281 712; x_wconf 87' lang='lat' dir='ltr'><strong>Fourmontii‚</strong></span> <span class='ocrx_word' id='word_1_9' title='bbox 2339 636 2565 731; x_wconf 70' lang='lat' dir='ltr'><strong>Sigeo,</strong></span> 
     </span>
    </p>
   </div>
   <div class='ocr_carea' id='block_1_3' title="bbox 1931 350 3280 439">
    <p class='ocr_par' dir='ltr' id='par_1_3' title="bbox 1931 350 3280 439">
     <span class='ocr_line' id='line_1_4' title="bbox 1931 350 3280 439; baseline 0 -3"><span class='ocrx_word' id='word_1_10' title='bbox 1931 360 2331 437; x_wconf 89' lang='lat' dir='ltr'><strong>REGES</strong></span> <span class='ocrx_word' id='word_1_11' title='bbox 2434 350 3280 439; x_wconf 84' lang='lat' dir='ltr'><strong>MACEDONIAE.</strong></span> 
     </span>
    </p>
   </div>
   <div class='ocr_carea' id='block_1_4' title="bbox 2639 504 4174 715">
    <p class='ocr_par' dir='ltr' id='par_1_4' title="bbox 2639 504 4174 715">
     <span class='ocr_line' id='line_1_5' title="bbox 2720 504 4174 617; baseline 0.002 -20"><span class='ocrx_word' id='word_1_12' title='bbox 2720 533 2825 597; x_wconf 79' lang='lat' dir='ltr'><strong>Ab</strong></span> <span class='ocrx_word' id='word_1_13' title='bbox 2852 532 2982 598; x_wconf 80' lang='lat' dir='ltr'><strong>hoo</strong></span> <span class='ocrx_word' id='word_1_14' title='bbox 3016 531 3392 597; x_wconf 63' lang='lat' dir='ltr'><strong>Alexandro</strong></span> <span class='ocrx_word' id='word_1_15' title='bbox 3421 504 3743 617; x_wconf 63' lang='lat' dir='ltr'><strong>incipiunt</strong></span> <span class='ocrx_word' id='word_1_16' title='bbox 3773 534 4052 601; x_wconf 71' lang='lat' dir='ltr'><strong>illustri.</strong></span> <span class='ocrx_word' id='word_1_17' title='bbox 4084 551 4174 600; x_wconf 72' lang='lat' dir='ltr'><strong>te-</strong></span> 
     </span>
     <span class='ocr_line' id='line_1_6' title="bbox 2639 631 4172 715; baseline 0.003 -19"><span class='ocrx_word' id='word_1_18' title='bbox 2639 633 3048 699; x_wconf 79' lang='lat' dir='ltr'><strong>tradrachma</strong></span> <span class='ocrx_word' id='word_1_19' title='bbox 3090 652 3323 715; x_wconf 82' lang='lat' dir='ltr'><strong>regum</strong></span> <span class='ocrx_word' id='word_1_20' title='bbox 3357 631 3804 698; x_wconf 71' lang='lat' dir='ltr'><strong>Macedoniae.</strong></span> <span class='ocrx_word' id='word_1_21' title='bbox 3866 641 4172 701; x_wconf 82' lang='lat' dir='ltr'><strong>Testatur</strong></span> 
     </span>
    </p>
   </div>
   <div class='ocr_carea' id='block_1_5' title="bbox 1027 724 4172 921">
    <p class='ocr_par' dir='ltr' id='par_1_5' title="bbox 1027 724 4172 921">
     <span class='ocr_line' id='line_1_7' title="bbox 1028 724 4172 822; baseline -0 -19"><span class='ocrx_word' id='word_1_22' title='bbox 1028 755 1098 803; x_wconf 85' lang='lat' dir='ltr'><strong>et</strong></span> <span class='ocrx_word' id='word_1_23' title='bbox 1164 741 1230 811; x_wconf 78' lang='lat' dir='ltr'><strong>in</strong></span> <span class='ocrx_word' id='word_1_24' title='bbox 1288 736 1747 800; x_wconf 81' lang='lat' dir='ltr'><strong>vetustissimis</strong></span> <span class='ocrx_word' id='word_1_25' title='bbox 1803 737 2339 813; x_wconf 78' lang='lat' dir='ltr'>Atheniensium,</span> <span class='ocrx_word' id='word_1_26' title='bbox 2401 757 2564 821; x_wconf 86' lang='lat' dir='ltr'><strong>quae</strong></span> <span class='ocrx_word' id='word_1_27' title='bbox 2600 724 2799 800; x_wconf 77' lang='lat' dir='ltr'><strong>‘vero</strong></span> <span class='ocrx_word' id='word_1_28' title='bbox 2843 737 3037 798; x_wconf 80' lang='lat' dir='ltr'><strong>etiam</strong></span> <span class='ocrx_word' id='word_1_29' title='bbox 3082 734 3464 798; x_wconf 78' lang='lat' dir='ltr'><strong>Herodotus</strong></span> <span class='ocrx_word' id='word_1_30' title='bbox 3482 772 3512 810; x_wconf 86' lang='lat'><strong>‚·</strong></span> <span class='ocrx_word' id='word_1_31' title='bbox 3558 731 3778 799; x_wconf 82' lang='lat' dir='ltr'><strong>eidem</strong></span> <span class='ocrx_word' id='word_1_32' title='bbox 3828 737 3983 801; x_wconf 87' lang='lat' dir='ltr'><strong>huic</strong></span> <span class='ocrx_word' id='word_1_33' title='bbox 4030 740 4172 822; x_wconf 79' lang='lat' dir='ltr'><strong>regi</strong></span> 
     </span>
     <span class='ocr_line' id='line_1_8' title="bbox 1027 830 4170 921; baseline -0.001 -17"><span class='ocrx_word' id='word_1_34' title='bbox 1027 840 1300 904; x_wconf 80' lang='lat' dir='ltr'><strong>edidere</strong></span> <span class='ocrx_word' id='word_1_35' title='bbox 1363 838 1639 919; x_wconf 84' lang='lat' dir='ltr'><strong>Sponius</strong></span> <span class='ocrx_word' id='word_1_36' title='bbox 1686 834 1745 918; x_wconf 81' lang='lat' dir='ltr'><strong>h)</strong></span> <span class='ocrx_word' id='word_1_37' title='bbox 1780 882 1798 912; x_wconf 93' lang='lat'>‚</span> <span class='ocrx_word' id='word_1_38' title='bbox 1858 839 2266 903; x_wconf 86' lang='lat' dir='ltr'><strong>Chandlerus</strong></span> <span class='ocrx_word' id='word_1_39' title='bbox 2327 835 2374 915; x_wconf 82' lang='lat' dir='ltr'><strong>i)</strong></span> <span class='ocrx_word' id='word_1_40' title='bbox 2404 880 2422 915; x_wconf 88' lang='lat'><strong>,</strong></span> <span class='ocrx_word' id='word_1_41' title='bbox 2498 851 2567 900; x_wconf 88' lang='lat' dir='ltr'><strong>et</strong></span> <span class='ocrx_word' id='word_1_42' title='bbox 2636 848 2734 899; x_wconf 82' lang='lat' dir='ltr'><strong>ex·</strong></span> <span class='ocrx_word' id='word_1_43' title='bbox 2776 836 2987 900; x_wconf 85' lang='lat' dir='ltr'><strong>vicina</strong></span> <span class='ocrx_word' id='word_1_44' title='bbox 3019 835 3447 900; x_wconf 72' lang='lat' dir='ltr'><strong>Macedoniae</strong></span> <span class='ocrx_word' id='word_1_45' title='bbox 3502 830 3728 899; x_wconf 81' lang='lat' dir='ltr'><strong>fodina</strong></span> <span class='ocrx_word' id='word_1_46' title='bbox 3773 838 3838 899; x_wconf 87' lang='lat' dir='ltr'><strong>in</strong></span> <span class='ocrx_word' id='word_1_47' title='bbox 3876 840 4170 921; x_wconf 77' lang='lat' dir='ltr'><strong>singulos</strong></span> 
     </span>
    </p>
   </div>
   <div class='ocr_carea' id='block_1_6' title="bbox 1025 937 2558 1125">
    <p class='ocr_par' dir='ltr' id='par_1_6' title="bbox 1025 937 2558 1125">
     <span class='ocr_line' id='line_1_9' title="bbox 1025 937 1404 1024; baseline -0.018 -18"><span class='ocrx_word' id='word_1_48' title='bbox 1025 942 1275 1024; x_wconf 83' lang='lat' dir='ltr'><strong>Taylor</strong></span> <span class='ocrx_word' id='word_1_49' title='bbox 1318 937 1404 1017; x_wconf 70' lang='lat' dir='ltr'><strong>k).</strong></span> 
     </span>
     <span class='ocr_line' id='line_1_10' title="bbox 1025 1035 2558 1125; baseline 0.001 -23"><span class='ocrx_word' id='word_1_50' title='bbox 1025 1037 1396 1114; x_wconf 84' lang='grc' dir='ltr'><strong>ΣΟΛΛΟ,</strong></span> <span class='ocrx_word' id='word_1_51' title='bbox 1459 1035 1925 1101; x_wconf 81' lang='grc' dir='ltr'>ΠΙΞΟΔΑΡΟ</span> <span class='ocrx_word' id='word_1_52' title='bbox 1967 1041 2035 1102; x_wconf 90' lang='lat' dir='ltr'><strong>in</strong></span> <span class='ocrx_word' id='word_1_53' title='bbox 2083 1041 2298 1103; x_wconf 82' lang='lat' dir='ltr'><strong>numis</strong></span> <span class='ocrx_word' id='word_1_54' title='bbox 2328 1059 2558 1125; x_wconf 80' lang='lat' dir='ltr'><strong>regum</strong></span> 
     </span>
    </p>
   </div>
   <div class='ocr_carea' id='block_1_7' title="bbox 1023 1140 2562 1223">
    <p class='ocr_par' dir='ltr' id='par_1_7' title="bbox 1023 1140 2562 1223">
     <span class='ocr_line' id='line_1_11' title="bbox 1023 1140 2562 1223; baseline -0.002 -15"><span class='ocrx_word' id='word_1_55' title='bbox 1023 1144 1279 1208; x_wconf 81' lang='lat' dir='ltr'><strong>Cariae.</strong></span> <span class='ocrx_word' id='word_1_56' title='bbox 1342 1143 1527 1204; x_wconf 86' lang='lat' dir='ltr'><strong>Hanc</strong></span> <span class='ocrx_word' id='word_1_57' title='bbox 1595 1140 1889 1223; x_wconf 82' lang='lat' dir='ltr'><strong>regulam</strong></span> <span class='ocrx_word' id='word_1_58' title='bbox 1956 1140 2301 1205; x_wconf 85' lang='lat' dir='ltr'><strong>confirmat</strong></span> <span class='ocrx_word' id='word_1_59' title='bbox 2360 1141 2562 1205; x_wconf 82' lang='lat' dir='ltr'><strong>Athe·</strong></span> 
     </span>
    </p>
   </div>
   <div class='ocr_carea' id='block_1_8' title="bbox 1018 1239 2558 1427">
    <p class='ocr_par' dir='ltr' id='par_1_8' title="bbox 1018 1239 2558 1427">
     <span class='ocr_line' id='line_1_12' title="bbox 1024 1239 2558 1324; baseline -0.002 -17"><span class='ocrx_word' id='word_1_60' title='bbox 1024 1264 1226 1307; x_wconf 84' lang='lat' dir='ltr'><strong>naeus</strong></span> <span class='ocrx_word' id='word_1_61' title='bbox 1283 1239 1360 1321; x_wconf 88' lang='lat'><strong>¹),</strong></span> <span class='ocrx_word' id='word_1_62' title='bbox 1419 1243 1530 1323; x_wconf 88' lang='lat' dir='ltr'><strong>qui</strong></span> <span class='ocrx_word' id='word_1_63' title='bbox 1589 1261 1791 1323; x_wconf 79' lang='lat' dir='ltr'><strong>agens</strong></span> <span class='ocrx_word' id='word_1_64' title='bbox 1843 1243 1930 1304; x_wconf 86' lang='lat' dir='ltr'><strong>de</strong></span> <span class='ocrx_word' id='word_1_65' title='bbox 1987 1242 2228 1324; x_wconf 83' lang='lat' dir='ltr'><strong>poculo</strong></span> <span class='ocrx_word' id='word_1_66' title='bbox 2273 1240 2558 1318; x_wconf 86' lang='lat' dir='ltr'><strong>literato,</strong></span> 
     </span>
     <span class='ocr_line' id='line_1_13' title="bbox 1018 1336 2554 1427; baseline -0.001 -21"><span class='ocrx_word' id='word_1_67' title='bbox 1018 1346 1089 1406; x_wconf 88' lang='lat' dir='ltr'><strong>in</strong></span> <span class='ocrx_word' id='word_1_68' title='bbox 1142 1365 1269 1427; x_wconf 91' lang='lat' dir='ltr'><strong>quo</strong></span> <span class='ocrx_word' id='word_1_69' title='bbox 1317 1343 1628 1423; x_wconf 85' lang='lat' dir='ltr'><strong>scriptum</strong></span> <span class='ocrx_word' id='word_1_70' title='bbox 1675 1336 2143 1419; x_wconf 84' lang='grc' dir='ltr'><strong>ΔΙΟΝΤΣΟ,</strong></span> <span class='ocrx_word' id='word_1_71' title='bbox 2203 1341 2431 1420; x_wconf 82' lang='lat' dir='ltr'><strong>addit,</strong></span> <span class='ocrx_word' id='word_1_72' title='bbox 2490 1343 2554 1405; x_wconf 90' lang='lat' dir='ltr'><strong>iu</strong></span> 
     </span>
    </p>
   </div>
   <div class='ocr_carea' id='block_1_9' title="bbox 1020 1442 2558 1529">
    <p class='ocr_par' dir='ltr' id='par_1_9' title="bbox 1020 1442 2558 1529">
     <span class='ocr_line' id='line_1_14' title="bbox 1020 1442 2558 1529; baseline 0 -22"><span class='ocrx_word' id='word_1_73' title='bbox 1020 1446 1146 1507; x_wconf 85' lang='lat' dir='ltr'><strong>hac</strong></span> <span class='ocrx_word' id='word_1_74' title='bbox 1188 1465 1353 1507; x_wconf 77' lang='lat' dir='ltr'><strong>voce</strong></span> <span class='ocrx_word' id='word_1_75' title='bbox 1407 1443 1774 1505; x_wconf 85' lang='lat' dir='ltr'><strong>desiderari</strong></span> <span class='ocrx_word' id='word_1_76' title='bbox 1807 1444 2206 1507; x_wconf 83' lang='lat' dir='ltr'><strong>elementum</strong></span> <span class='ocrx_word' id='word_1_77' title='bbox 2255 1442 2355 1520; x_wconf 87' lang='lat' dir='ltr'><strong>T,</strong></span> <span class='ocrx_word' id='word_1_78' title='bbox 2400 1465 2558 1529; x_wconf 88' lang='lat' dir='ltr'><strong>quo·</strong></span> 
     </span>
    </p>
   </div>
   <div class='ocr_carea' id='block_1_10' title="bbox 1016 1543 2558 1611">
    <p class='ocr_par' dir='ltr' id='par_1_10' title="bbox 1016 1543 2558 1611">
     <span class='ocr_line' id='line_1_15' title="bbox 1016 1543 2558 1611; baseline 0.001 -3"><span class='ocrx_word' id='word_1_79' title='bbox 1016 1551 1188 1608; x_wconf 84' lang='lat' dir='ltr'><strong>niam</strong></span> <span class='ocrx_word' id='word_1_80' title='bbox 1242 1546 1487 1609; x_wconf 80' lang='lat' dir='ltr'><strong>Achaei</strong></span> <span class='ocrx_word' id='word_1_81' title='bbox 1533 1544 1879 1607; x_wconf 83' lang='lat' dir='ltr'><strong>utebantur</strong></span> <span class='ocrx_word' id='word_1_82' title='bbox 1924 1543 2118 1611; x_wconf 80' lang='lat' dir='ltr'><strong>litera</strong></span> <span class='ocrx_word' id='word_1_83' title='bbox 2167 1546 2228 1611; x_wconf 90' lang='grc' dir='ltr'>Ο</span> <span class='ocrx_word' id='word_1_84' title='bbox 2273 1566 2408 1611; x_wconf 85' lang='lat' dir='ltr'><strong>non</strong></span> <span class='ocrx_word' id='word_1_85' title='bbox 2456 1566 2558 1609; x_wconf 78' lang='lat' dir='ltr'><strong>so-</strong></span> 
     </span>
    </p>
   </div>
   <div class='ocr_carea' id='block_1_11' title="bbox 954 1644 2553 2137">
    <p class='ocr_par' dir='ltr' id='par_1_11' title="bbox 954 1644 2553 2137">
     <span class='ocr_line' id='line_1_16' title="bbox 1012 1644 2551 1735; baseline -0.003 -26"><span class='ocrx_word' id='word_1_86' title='bbox 1012 1650 1154 1710; x_wconf 86' lang='lat' dir='ltr'><strong>lum</strong></span> <span class='ocrx_word' id='word_1_87' title='bbox 1201 1669 1278 1710; x_wconf 87' lang='lat' dir='ltr'><strong>ea</strong></span> <span class='ocrx_word' id='word_1_88' title='bbox 1318 1646 1663 1735; x_wconf 61' lang='lat' dir='ltr'><strong>facultate,</strong></span> <span class='ocrx_word' id='word_1_89' title='bbox 1716 1665 1840 1728; x_wconf 76' lang='lat' dir='ltr'><strong>qua</strong></span> <span class='ocrx_word' id='word_1_90' title='bbox 1901 1666 2074 1711; x_wconf 86' lang='lat' dir='ltr'><strong>nunc</strong></span> <span class='ocrx_word' id='word_1_91' title='bbox 2129 1647 2375 1732; x_wconf 73' lang='lat' dir='ltr'><strong>pollet,</strong></span> <span class='ocrx_word' id='word_1_92' title='bbox 2435 1644 2551 1708; x_wconf 83' lang='lat' dir='ltr'><strong>sed</strong></span> 
     </span>
     <span class='ocr_line' id='line_1_17' title="bbox 1020 1744 2552 1833; baseline 0 -22"><span class='ocrx_word' id='word_1_93' title='bbox 1020 1751 1220 1812; x_wconf 79' lang='lat' dir='ltr'><strong>etiam</strong></span> <span class='ocrx_word' id='word_1_94' title='bbox 1261 1770 1409 1812; x_wconf 92' lang='lat' dir='ltr'><strong>cum</strong></span> <span class='ocrx_word' id='word_1_95' title='bbox 1453 1745 1927 1832; x_wconf 75' lang='lat' dir='ltr'><strong>diphthongum</strong></span> <span class='ocrx_word' id='word_1_96' title='bbox 1981 1744 2382 1833; x_wconf 79' lang='lat' dir='ltr'><strong>significabat</strong></span> <span class='ocrx_word' id='word_1_97' title='bbox 2412 1794 2428 1825; x_wconf 88' lang='lat'>‚</span> <span class='ocrx_word' id='word_1_98' title='bbox 2488 1747 2552 1811; x_wconf 91' lang='grc' dir='ltr'><strong>Ο</strong></span> 
     </span>
     <span class='ocr_line' id='line_1_18' title="bbox 1015 1849 2553 1933; baseline -0.004 -19"><span class='ocrx_word' id='word_1_99' title='bbox 1015 1863 1264 1914; x_wconf 85' lang='lat' dir='ltr'><strong>tantum</strong></span> <span class='ocrx_word' id='word_1_100' title='bbox 1342 1850 1713 1933; x_wconf 80' lang='lat' dir='ltr'><strong>pingentes</strong></span> <span class='ocrx_word' id='word_1_101' title='bbox 1788 1849 2044 1913; x_wconf 89' lang='lat' dir='ltr'><strong>Eodem</strong></span> <span class='ocrx_word' id='word_1_102' title='bbox 2092 1849 2289 1913; x_wconf 89' lang='lat' dir='ltr'><strong>modo</strong></span> <span class='ocrx_word' id='word_1_103' title='bbox 2334 1849 2553 1909; x_wconf 87' lang='lat' dir='ltr'><strong>Philo·</strong></span> 
     </span>
     <span class='ocr_line' id='line_1_19' title="bbox 954 1950 2550 2039; baseline -0.001 -25"><span class='ocrx_word' id='word_1_104' title='bbox 954 2012 979 2039; x_wconf 49' lang='lat' dir='ltr'>x</span> <span class='ocrx_word' id='word_1_105' title='bbox 1014 1973 1221 2014; x_wconf 84' lang='lat' dir='ltr'><strong>xcnus</strong></span> <span class='ocrx_word' id='word_1_106' title='bbox 1281 1973 1318 2013; x_wconf 84' lang='lat' dir='ltr'><strong>a</strong></span> <span class='ocrx_word' id='word_1_107' title='bbox 1376 1950 1692 2029; x_wconf 82' lang='lat' dir='ltr'><strong>Dionysio</strong></span> <span class='ocrx_word' id='word_1_108' title='bbox 1755 1970 1837 2012; x_wconf 82' lang='lat' dir='ltr'><strong>ex</strong></span> <span class='ocrx_word' id='word_1_109' title='bbox 1896 1951 2076 2012; x_wconf 82' lang='lat' dir='ltr'><strong>ltalia</strong></span> <span class='ocrx_word' id='word_1_110' title='bbox 2131 1954 2199 2012; x_wconf 88' lang='lat' dir='ltr'><strong>in</strong></span> <span class='ocrx_word' id='word_1_111' title='bbox 2264 1951 2550 2013; x_wconf 86' lang='lat' dir='ltr'><strong>Siciliam</strong></span> 
     </span>
     <span class='ocr_line' id='line_1_20' title="bbox 1014 2047 2550 2137; baseline -0.007 -20"><span class='ocrx_word' id='word_1_112' title='bbox 1014 2067 1362 2117; x_wconf 79' lang='lat' dir='ltr'><strong>revocatus</strong></span> <span class='ocrx_word' id='word_1_113' title='bbox 1433 2050 1773 2133; x_wconf 77' lang='lat' dir='ltr'><strong>rescripsit</strong></span> <span class='ocrx_word' id='word_1_114' title='bbox 1833 2047 1927 2125; x_wconf 81' lang='grc' dir='ltr'><strong>Ο,</strong></span> <span class='ocrx_word' id='word_1_115' title='bbox 1991 2075 2160 2128; x_wconf 72' lang='lat' dir='ltr'><strong>non,</strong></span> <span class='ocrx_word' id='word_1_116' title='bbox 2219 2072 2343 2137; x_wconf 75' lang='lat' dir='ltr'><strong>pro</strong></span> <span class='ocrx_word' id='word_1_117' title='bbox 2406 2049 2550 2115; x_wconf 83' lang='lat' dir='ltr'><strong>OT.</strong></span> 
     </span>
    </p>
   </div>
   <div class='ocr_carea' id='block_1_12' title="bbox 1014 2136 2554 2236">
    <p class='ocr_par' dir='ltr' id='par_1_12' title="bbox 1014 2136 2554 2236">
     <span class='ocr_line' id='line_1_21' title="bbox 1014 2136 2554 2236; baseline -0.004 -18"><span class='ocrx_word' id='word_1_118' title='bbox 1014 2155 1187 2218; x_wconf 90' lang='lat' dir='ltr'><strong>Vide</strong></span> <span class='ocrx_word' id='word_1_119' title='bbox 1283 2136 1545 2215; x_wconf 84' lang='lat' dir='ltr'><strong>Suidam</strong></span> <span class='ocrx_word' id='word_1_120' title='bbox 1619 2152 1686 2213; x_wconf 91' lang='lat' dir='ltr'><strong>in</strong></span> <span class='ocrx_word' id='word_1_121' title='bbox 1768 2144 2077 2230; x_wconf 68' lang='grc' dir='ltr'><strong>Φιλοξενκ</strong></span> <span class='ocrx_word' id='word_1_122' title='bbox 2143 2175 2467 2236; x_wconf 67' lang='grc' dir='ltr'><strong>Ὑρκμμειτι</strong></span> <span class='ocrx_word' id='word_1_123' title='bbox 2472 2175 2554 2229; x_wconf 77' lang='grc' dir='ltr'><strong>ον,</strong></span> 
     </span>
    </p>
   </div>
   <div class='ocr_carea' id='block_1_13' title="bbox 1008 2253 2550 3140">
    <p class='ocr_par' dir='ltr' id='par_1_13' title="bbox 1008 2253 2550 3140">
     <span class='ocr_line' id='line_1_22' title="bbox 1011 2253 2549 2340; baseline -0.002 -21"><span class='ocrx_word' id='word_1_124' title='bbox 1011 2258 1306 2340; x_wconf 78' lang='lat' dir='ltr'><strong>aliosque</strong></span> <span class='ocrx_word' id='word_1_125' title='bbox 1348 2255 1847 2339; x_wconf 77' lang='lat' dir='ltr'><strong>proverbiorum</strong></span> <span class='ocrx_word' id='word_1_126' title='bbox 1899 2253 2275 2336; x_wconf 73' lang='lat' dir='ltr'><strong>scriptores.</strong></span> <span class='ocrx_word' id='word_1_127' title='bbox 2337 2258 2549 2340; x_wconf 82' lang='lat' dir='ltr'><strong>Hunc,</strong></span> 
     </span>
     <span class='ocr_line' id='line_1_23' title="bbox 1011 2353 2550 2443; baseline -0.001 -25"><span class='ocrx_word' id='word_1_128' title='bbox 1011 2376 1207 2443; x_wconf 89' lang='lat' dir='ltr'><strong>quem</strong></span> <span class='ocrx_word' id='word_1_129' title='bbox 1264 2353 1434 2431; x_wconf 86' lang='lat' dir='ltr'><strong>dixi,</strong></span> <span class='ocrx_word' id='word_1_130' title='bbox 1478 2356 1911 2419; x_wconf 80' lang='lat' dir='ltr'><strong>archaismum</strong></span> <span class='ocrx_word' id='word_1_131' title='bbox 1961 2356 2297 2419; x_wconf 80' lang='lat' dir='ltr'><strong>retinuere</strong></span> <span class='ocrx_word' id='word_1_132' title='bbox 2336 2357 2550 2418; x_wconf 72' lang='lat' dir='ltr'><strong>Dones</strong></span> 
     </span>
     <span class='ocr_line' id='line_1_24' title="bbox 1013 2453 2546 2530; baseline 0 -13"><span class='ocrx_word' id='word_1_133' title='bbox 1013 2471 1080 2517; x_wconf 90' lang='lat' dir='ltr'><strong>et</strong></span> <span class='ocrx_word' id='word_1_134' title='bbox 1128 2458 1406 2530; x_wconf 80' lang='lat' dir='ltr'><strong>Acoles,</strong></span> <span class='ocrx_word' id='word_1_135' title='bbox 1465 2457 1557 2517; x_wconf 87' lang='lat' dir='ltr'><strong>sic</strong></span> <span class='ocrx_word' id='word_1_136' title='bbox 1603 2470 1819 2518; x_wconf 88' lang='lat' dir='ltr'><strong>tamen</strong></span> <span class='ocrx_word' id='word_1_137' title='bbox 1853 2471 1923 2520; x_wconf 83' lang='lat' dir='ltr'><strong>ut</strong></span> <span class='ocrx_word' id='word_1_138' title='bbox 1956 2453 2078 2517; x_wconf 90' lang='lat' dir='ltr'><strong>OT</strong></span> <span class='ocrx_word' id='word_1_139' title='bbox 2114 2471 2439 2527; x_wconf 76' lang='lat' dir='ltr'><strong>mutarent</strong></span> <span class='ocrx_word' id='word_1_140' title='bbox 2478 2458 2546 2519; x_wconf 86' lang='lat' dir='ltr'><strong>in</strong></span> 
     </span>
     <span class='ocr_line' id='line_1_25' title="bbox 1016 2556 2546 2625; baseline 0.001 -7"><span class='ocrx_word' id='word_1_141' title='bbox 1016 2556 1097 2618; x_wconf 86' lang='grc' dir='ltr'>Ω</span> <span class='ocrx_word' id='word_1_142' title='bbox 1144 2558 1353 2619; x_wconf 87' lang='lat' dir='ltr'><strong>serius</strong></span> <span class='ocrx_word' id='word_1_143' title='bbox 1389 2556 1747 2625; x_wconf 76' lang='lat' dir='ltr'><strong>inductum.</strong></span> <span class='ocrx_word' id='word_1_144' title='bbox 1792 2559 1896 2621; x_wconf 91' lang='lat' dir='ltr'><strong>Sic</strong></span> <span class='ocrx_word' id='word_1_145' title='bbox 1933 2560 1998 2619; x_wconf 90' lang='lat' dir='ltr'><strong>in</strong></span> <span class='ocrx_word' id='word_1_146' title='bbox 2032 2578 2358 2620; x_wconf 85' lang='lat' dir='ltr'><strong>marmore</strong></span> <span class='ocrx_word' id='word_1_147' title='bbox 2389 2557 2546 2620; x_wconf 88' lang='lat' dir='ltr'><strong>Cre-</strong></span> 
     </span>
     <span class='ocr_line' id='line_1_26' title="bbox 1008 2653 2547 2742; baseline 0.001 -22"><span class='ocrx_word' id='word_1_148' title='bbox 1008 2667 1184 2724; x_wconf 84' lang='lat' dir='ltr'><strong>tensi</strong></span> <span class='ocrx_word' id='word_1_149' title='bbox 1215 2657 1386 2742; x_wconf 88' lang='lat' dir='ltr'><strong>apud</strong></span> <span class='ocrx_word' id='word_1_150' title='bbox 1412 2656 1791 2721; x_wconf 85' lang='lat' dir='ltr'><strong>Reinesium</strong></span> <span class='ocrx_word' id='word_1_151' title='bbox 1811 2664 1929 2741; x_wconf 76' lang='lat'>¹¹¹)=</span> <span class='ocrx_word' id='word_1_152' title='bbox 1980 2653 2213 2723; x_wconf 84' lang='grc' dir='ltr'><strong>ΤΩΣ.</strong></span> <span class='ocrx_word' id='word_1_153' title='bbox 2246 2655 2547 2721; x_wconf 83' lang='grc' dir='ltr'>ΚΩΡΗ-</span> 
     </span>
     <span class='ocr_line' id='line_1_27' title="bbox 1019 2752 2547 2844; baseline 0.001 -25"><span class='ocrx_word' id='word_1_154' title='bbox 1019 2753 1211 2820; x_wconf 84' lang='grc' dir='ltr'><strong>ΤΑΣ</strong></span> <span class='ocrx_word' id='word_1_155' title='bbox 1246 2779 1367 2842; x_wconf 87' lang='lat' dir='ltr'><strong>pro</strong></span> <span class='ocrx_word' id='word_1_156' title='bbox 1402 2752 1678 2824; x_wconf 85' lang='grc' dir='ltr'><strong>ΤΟΤΣ.</strong></span> <span class='ocrx_word' id='word_1_157' title='bbox 1709 2752 2244 2822; x_wconf 82' lang='grc' dir='ltr'><strong>ΚΟΤΡΗΤΑΣ.</strong></span> <span class='ocrx_word' id='word_1_158' title='bbox 2294 2774 2359 2821; x_wconf 88' lang='lat' dir='ltr'><strong>et</strong></span> <span class='ocrx_word' id='word_1_159' title='bbox 2403 2752 2547 2844; x_wconf 58' lang='lat' dir='ltr'><strong>pas-</strong></span> 
     </span>
     <span class='ocr_line' id='line_1_28' title="bbox 1013 2859 2547 2946; baseline -0.002 -23"><span class='ocrx_word' id='word_1_160' title='bbox 1013 2862 1131 2923; x_wconf 85' lang='lat' dir='ltr'><strong>sim</strong></span> <span class='ocrx_word' id='word_1_161' title='bbox 1161 2864 1415 2923; x_wconf 72' lang='lat' dir='ltr'><strong>Dorese</strong></span> <span class='ocrx_word' id='word_1_162' title='bbox 1456 2877 1674 2938; x_wconf 78' lang='grc' dir='ltr'><em>μωσα,</em></span> <span class='ocrx_word' id='word_1_163' title='bbox 1719 2860 1965 2939; x_wconf 73' lang='grc' dir='ltr'><strong><em>ὥρανος,</em></strong></span> <span class='ocrx_word' id='word_1_164' title='bbox 2004 2881 2134 2946; x_wconf 82' lang='lat' dir='ltr'><strong>-pro</strong></span> <span class='ocrx_word' id='word_1_165' title='bbox 2176 2878 2360 2945; x_wconf 67' lang='grc' dir='ltr'><em>μυσα,</em></span> <span class='ocrx_word' id='word_1_166' title='bbox 2409 2859 2547 2942; x_wconf 68' lang='grc' dir='ltr'><strong>ἐρα-</strong></span> 
     </span>
     <span class='ocr_line' id='line_1_29' title="bbox 1010 2961 2546 3040; baseline -0.001 -16"><span class='ocrx_word' id='word_1_167' title='bbox 1010 2987 1151 3040; x_wconf 48' lang='grc' dir='ltr'><strong>νος,</strong></span> <span class='ocrx_word' id='word_1_168' title='bbox 1193 2962 1373 3025; x_wconf 82' lang='lat' dir='ltr'><strong>Alias</strong></span> <span class='ocrx_word' id='word_1_169' title='bbox 1428 2975 1643 3024; x_wconf 87' lang='lat' dir='ltr'><strong>tamen</strong></span> <span class='ocrx_word' id='word_1_170' title='bbox 1689 2963 1908 3025; x_wconf 86' lang='lat' dir='ltr'><strong>Dores</strong></span> <span class='ocrx_word' id='word_1_171' title='bbox 1956 2964 2152 3025; x_wconf 86' lang='lat' dir='ltr'><strong>etiam</strong></span> <span class='ocrx_word' id='word_1_172' title='bbox 2198 2961 2318 3025; x_wconf 84' lang='lat' dir='ltr'><strong>OT</strong></span> <span class='ocrx_word' id='word_1_173' title='bbox 2369 2965 2435 3026; x_wconf 92' lang='lat' dir='ltr'><strong>in</strong></span> <span class='ocrx_word' id='word_1_174' title='bbox 2487 2962 2546 3022; x_wconf 91' lang='grc' dir='ltr'>Ο</span> 
     </span>
     <span class='ocr_line' id='line_1_30' title="bbox 1010 3062 2545 3140; baseline 0.001 -14"><span class='ocrx_word' id='word_1_175' title='bbox 1010 3066 1218 3126; x_wconf 81' lang='lat' dir='ltr'><strong>breve</strong></span> <span class='ocrx_word' id='word_1_176' title='bbox 1268 3076 1665 3140; x_wconf 73' lang='lat' dir='ltr'><strong>,mutavere3</strong></span> <span class='ocrx_word' id='word_1_177' title='bbox 1725 3063 1821 3126; x_wconf 88' lang='lat' dir='ltr'><strong>sic</strong></span> <span class='ocrx_word' id='word_1_178' title='bbox 1874 3062 2136 3125; x_wconf 84' lang='lat' dir='ltr'><strong>obvium</strong></span> <span class='ocrx_word' id='word_1_179' title='bbox 2199 3064 2261 3123; x_wconf 88' lang='lat' dir='ltr'><strong>in</strong></span> <span class='ocrx_word' id='word_1_180' title='bbox 2329 3065 2545 3128; x_wconf 86' lang='lat' dir='ltr'><strong>numis</strong></span> 
     </span>
    </p>
   </div>
   <div class='ocr_carea' id='block_1_14' title="bbox 1008 3155 2547 3244">
    <p class='ocr_par' dir='ltr' id='par_1_14' title="bbox 1008 3155 2547 3244">
     <span class='ocr_line' id='line_1_31' title="bbox 1008 3155 2547 3244; baseline 0.003 -19"><span class='ocrx_word' id='word_1_181' title='bbox 1008 3156 1653 3225; x_wconf 73' lang='grc' dir='ltr'><strong>ΣΤΡΑΚΟΣῙΩΝ</strong></span> <span class='ocrx_word' id='word_1_182' title='bbox 1677 3183 1797 3244; x_wconf 87' lang='lat' dir='ltr'><strong>pro</strong></span> <span class='ocrx_word' id='word_1_183' title='bbox 1814 3155 2360 3227; x_wconf 74' lang='grc' dir='ltr'><strong>ΣΤΡΑΚΟΤΣ]</strong></span> <span class='ocrx_word' id='word_1_184' title='bbox 2374 3165 2547 3236; x_wconf 63' lang='lat' dir='ltr'><strong>HN</strong></span> 
     </span>
    </p>
   </div>
   <div class='ocr_carea' id='block_1_15' title="bbox 1481 929 2564 1024">
    <p class='ocr_par' dir='ltr' id='par_1_15' title="bbox 1481 929 2564 1024">
     <span class='ocr_line' id='line_1_32' title="bbox 1481 929 2564 1024; baseline -0.002 -25"><span class='ocrx_word' id='word_1_185' title='bbox 1481 937 1791 1018; x_wconf 86' lang='lat' dir='ltr'><strong>Ejusdem</strong></span> <span class='ocrx_word' id='word_1_186' title='bbox 1841 939 2009 1024; x_wconf 83' lang='lat' dir='ltr'><strong>legis</strong></span> <span class='ocrx_word' id='word_1_187' title='bbox 2052 953 2202 1003; x_wconf 79' lang='lat' dir='ltr'><strong>sunt</strong></span> <span class='ocrx_word' id='word_1_188' title='bbox 2246 929 2564 1001; x_wconf 66' lang='lat' dir='ltr'><strong>MATE-</strong></span> 
     </span>
    </p>
   </div>
   <div class='ocr_carea' id='block_1_16' title="bbox 2631 936 4171 1308">
    <p class='ocr_par' dir='ltr' id='par_1_16' title="bbox 2631 936 4171 1207">
     <span class='ocr_line' id='line_1_33' title="bbox 2634 936 4166 1021; baseline 0.004 -23"><span class='ocrx_word' id='word_1_189' title='bbox 2634 937 2777 1001; x_wconf 89' lang='lat' dir='ltr'><strong>dies</strong></span> <span class='ocrx_word' id='word_1_190' title='bbox 2855 938 3108 1020; x_wconf 81' lang='lat' dir='ltr'><strong>singula</strong></span> <span class='ocrx_word' id='word_1_191' title='bbox 3155 936 3422 1021; x_wconf 79' lang='lat' dir='ltr'><strong>&#39;argenti</strong></span> <span class='ocrx_word' id='word_1_192' title='bbox 3483 936 3723 1001; x_wconf 86' lang='lat' dir='ltr'><strong>talenta</strong></span> <span class='ocrx_word' id='word_1_193' title='bbox 3781 940 4044 1003; x_wconf 80' lang='lat' dir='ltr'><strong>venisse</strong></span> <span class='ocrx_word' id='word_1_194' title='bbox 4089 944 4166 1017; x_wconf 79' lang='grc' dir='ltr'><strong>Ρ).</strong></span> 
     </span>
     <span class='ocr_line' id='line_1_34' title="bbox 2631 1037 4171 1124; baseline 0.002 -24"><span class='ocrx_word' id='word_1_195' title='bbox 2631 1038 2823 1110; x_wconf 87' lang='lat' dir='ltr'><strong>Vnde</strong></span> <span class='ocrx_word' id='word_1_196' title='bbox 2870 1059 3065 1116; x_wconf 84' lang='lat' dir='ltr'><strong>reor,</strong></span> <span class='ocrx_word' id='word_1_197' title='bbox 3129 1043 3370 1105; x_wconf 73' lang='lat' dir='ltr'><strong>Divitia</strong></span> <span class='ocrx_word' id='word_1_198' title='bbox 3425 1037 3491 1101; x_wconf 73' lang='lat' dir='ltr'><strong>si</strong></span> <span class='ocrx_word' id='word_1_199' title='bbox 3550 1058 3918 1124; x_wconf 83' lang='lat' dir='ltr'><strong>cognomen</strong></span> <span class='ocrx_word' id='word_1_200' title='bbox 3971 1040 4171 1103; x_wconf 78' lang='lat' dir='ltr'><strong>fuisse</strong></span> 
     </span>
     <span class='ocr_line' id='line_1_35' title="bbox 2633 1137 2932 1207; baseline 0.023 -7"><span class='ocrx_word' id='word_1_201' title='bbox 2633 1137 2932 1207; x_wconf 88' lang='lat' dir='ltr'><strong>inditum.</strong></span> 
     </span>
    </p>

    <p class='ocr_par' dir='ltr' id='par_1_17' title="bbox 2716 1245 3140 1308">
     <span class='ocr_line' id='line_1_36' title="bbox 2716 1245 3140 1308; baseline -0.002 -6"><span class='ocrx_word' id='word_1_202' title='bbox 2716 1245 2854 1304; x_wconf 77' lang='lat' dir='ltr'><strong>AB.</strong></span> <span class='ocrx_word' id='word_1_203' title='bbox 2899 1246 3140 1308; x_wconf 68' lang='lat' dir='ltr'><strong>mma.</strong></span> 
     </span>
    </p>
   </div>
   <div class='ocr_carea' id='block_1_17' title="bbox 3040 1382 3882 1463">
    <p class='ocr_par' dir='ltr' id='par_1_18' title="bbox 3040 1382 3882 1463">
     <span class='ocr_line' id='line_1_37' title="bbox 3040 1382 3882 1463; baseline -0.002 -2"><span class='ocrx_word' id='word_1_204' title='bbox 3040 1401 3632 1463; x_wconf 74' lang='lat' dir='ltr'><em>PEBDICCAS</em></span> <span class='ocrx_word' id='word_1_205' title='bbox 3672 1403 3762 1461; x_wconf 86' lang='lat'><strong>11.</strong></span> <span class='ocrx_word' id='word_1_206' title='bbox 3877 1382 3882 1387; x_wconf 78' lang='grc'><strong><em>’</em></strong></span> 
     </span>
    </p>
   </div>
   <div class='ocr_carea' id='block_1_18' title="bbox 2625 1522 4164 1715">
    <p class='ocr_par' dir='ltr' id='par_1_19' title="bbox 2625 1522 4164 1715">
     <span class='ocr_line' id='line_1_38' title="bbox 2710 1522 4164 1602; baseline -0.001 -2"><span class='ocrx_word' id='word_1_207' title='bbox 2710 1537 3073 1601; x_wconf 82' lang='lat' dir='ltr'><strong>Alexandri</strong></span> <span class='ocrx_word' id='word_1_208' title='bbox 3118 1538 3194 1599; x_wconf 86' lang='lat' dir='ltr'><strong>F.</strong></span> <span class='ocrx_word' id='word_1_209' title='bbox 3238 1522 3520 1601; x_wconf 76' lang='lat' dir='ltr'><strong>moritur</strong></span> <span class='ocrx_word' id='word_1_210' title='bbox 3562 1536 3921 1602; x_wconf 82' lang='lat' dir='ltr'><strong>secundum</strong></span> <span class='ocrx_word' id='word_1_211' title='bbox 3958 1537 4164 1601; x_wconf 82' lang='lat' dir='ltr'><strong>Chro-</strong></span> 
     </span>
     <span class='ocr_line' id='line_1_39' title="bbox 2625 1639 3503 1715; baseline 0.001 -14"><span class='ocrx_word' id='word_1_212' title='bbox 2625 1639 2823 1704; x_wconf 88' lang='lat' dir='ltr'><strong>nicou</strong></span> <span class='ocrx_word' id='word_1_213' title='bbox 2848 1640 3110 1702; x_wconf 86' lang='lat' dir='ltr'><strong>Parium</strong></span> <span class='ocrx_word' id='word_1_214' title='bbox 3141 1639 3224 1708; x_wconf 91' lang='lat' dir='ltr'><strong>V.</strong></span> <span class='ocrx_word' id='word_1_215' title='bbox 3257 1640 3326 1703; x_wconf 89' lang='lat' dir='ltr'><strong>C.</strong></span> <span class='ocrx_word' id='word_1_216' title='bbox 3357 1639 3503 1715; x_wconf 76' lang='lat'><strong>334.</strong></span> 
     </span>
    </p>
   </div>
   <div class='ocr_carea' id='block_1_19' title="bbox 2714 1790 4158 2020">
    <p class='ocr_par' dir='ltr' id='par_1_20' title="bbox 2714 1790 4158 2020">
     <span class='ocr_line' id='line_1_40' title="bbox 3163 1790 3596 1859; baseline -0.002 0"><span class='ocrx_word' id='word_1_217' title='bbox 3163 1798 3235 1859; x_wconf 87' lang='grc' dir='ltr'><em>Ν</em></span> <span class='ocrx_word' id='word_1_218' title='bbox 3267 1790 3321 1859; x_wconf 68' lang='lat' dir='ltr'><strong>u‘</strong></span> <span class='ocrx_word' id='word_1_219' title='bbox 3352 1817 3414 1857; x_wconf 81' lang='lat' dir='ltr'><strong>m</strong></span> <span class='ocrx_word' id='word_1_220' title='bbox 3457 1817 3501 1858; x_wconf 74' lang='lat' dir='ltr'><strong>u</strong></span> <span class='ocrx_word' id='word_1_221' title='bbox 3543 1818 3596 1858; x_wconf 79' lang='lat' dir='ltr'><strong>s.</strong></span> 
     </span>
     <span class='ocr_line' id='line_1_41' title="bbox 2714 1888 4158 2020; baseline 0.003 -27"><span class='ocrx_word' id='word_1_222' title='bbox 2714 1899 2931 2020; x_wconf 48' lang='lat' dir='ltr'><strong>Equus</strong></span> <span class='ocrx_word' id='word_1_223' title='bbox 2985 1931 3033 1993; x_wconf 70' lang='lat' dir='ltr'>ae</span> <span class='ocrx_word' id='word_1_224' title='bbox 3092 1888 3460 1998; x_wconf 64' lang='lat' dir='ltr'><strong>HEPAIK.</strong></span> <span class='ocrx_word' id='word_1_225' title='bbox 3539 1939 3749 1998; x_wconf 74' lang='lat' dir='ltr'><strong>Galea</strong></span> <span class='ocrx_word' id='word_1_226' title='bbox 3806 1939 3875 1996; x_wconf 77' lang='lat' dir='ltr'><strong>in</strong></span> <span class='ocrx_word' id='word_1_227' title='bbox 3931 1939 4158 1998; x_wconf 78' lang='lat' dir='ltr'><strong>areola</strong></span> 
     </span>
    </p>
   </div>
   <div class='ocr_carea' id='block_1_20' title="bbox 2624 2030 4158 2121">
    <p class='ocr_par' dir='ltr' id='par_1_21' title="bbox 2624 2030 4158 2121">
     <span class='ocr_line' id='line_1_42' title="bbox 2624 2030 4158 2121; baseline -0.004 -22"><span class='ocrx_word' id='word_1_228' title='bbox 2624 2030 2965 2121; x_wconf 68' lang='lat' dir='ltr'><strong>quadi-ata.</strong></span> <span class='ocrx_word' id='word_1_229' title='bbox 3007 2036 3156 2098; x_wconf 63' lang='lat' dir='ltr'><strong>AR.</strong></span> <span class='ocrx_word' id='word_1_230' title='bbox 3213 2036 3315 2096; x_wconf 89' lang='lat' dir='ltr'><strong>Ex</strong></span> <span class='ocrx_word' id='word_1_231' title='bbox 3376 2056 3603 2099; x_wconf 87' lang='lat' dir='ltr'><strong>museo</strong></span> <span class='ocrx_word' id='word_1_232' title='bbox 3656 2035 3844 2117; x_wconf 80' lang='lat' dir='ltr'><strong>Car‘y.</strong></span> <span class='ocrx_word' id='word_1_233' title='bbox 3896 2033 4158 2115; x_wconf 79' lang='lat' dir='ltr'><strong>(Maffei</strong></span> 
     </span>
    </p>
   </div>
   <div class='ocr_carea' id='block_1_21' title="bbox 2617 2136 4165 2721">
    <p class='ocr_par' dir='ltr' id='par_1_22' title="bbox 2631 2136 3332 2218">
     <span class='ocr_line' id='line_1_43' title="bbox 2631 2136 3332 2218; baseline -0.01 -18"><span class='ocrx_word' id='word_1_234' title='bbox 2631 2142 2778 2202; x_wconf 86' lang='lat' dir='ltr'><strong>Ant.</strong></span> <span class='ocrx_word' id='word_1_235' title='bbox 2824 2136 2995 2203; x_wconf 81' lang='lat' dir='ltr'><strong>Gali.</strong></span> <span class='ocrx_word' id='word_1_236' title='bbox 3041 2158 3107 2218; x_wconf 84' lang='lat' dir='ltr'><strong>p.</strong></span> <span class='ocrx_word' id='word_1_237' title='bbox 3160 2136 3332 2217; x_wconf 75' lang='lat' dir='ltr'><strong>na.)</strong></span> 
     </span>
    </p>

    <p class='ocr_par' dir='ltr' id='par_1_23' title="bbox 2617 2238 4165 2721">
     <span class='ocr_line' id='line_1_44' title="bbox 2707 2238 4165 2322; baseline 0.002 -26"><span class='ocrx_word' id='word_1_238' title='bbox 2707 2238 2897 2300; x_wconf 84' lang='lat' dir='ltr'><strong>Rari</strong></span> <span class='ocrx_word' id='word_1_239' title='bbox 2879 2238 3136 2302; x_wconf 85' lang='lat' dir='ltr'><strong>simum</strong></span> <span class='ocrx_word' id='word_1_240' title='bbox 3167 2238 3339 2301; x_wconf 87' lang='lat' dir='ltr'><strong>hunc</strong></span> <span class='ocrx_word' id='word_1_241' title='bbox 3370 2259 3635 2311; x_wconf 82' lang='lat' dir='ltr'><strong>numum</strong></span> <span class='ocrx_word' id='word_1_242' title='bbox 3670 2239 3818 2322; x_wconf 85' lang='lat' dir='ltr'><strong>jure</strong></span> <span class='ocrx_word' id='word_1_243' title='bbox 3833 2238 3992 2301; x_wconf 85' lang='lat' dir='ltr'><strong>huic</strong></span> <span class='ocrx_word' id='word_1_244' title='bbox 4011 2240 4165 2301; x_wconf 65' lang='lat' dir='ltr'><strong>Per.-</strong></span> 
     </span>
     <span class='ocr_line' id='line_1_45' title="bbox 2624 2338 4161 2423; baseline 0.001 -25"><span class='ocrx_word' id='word_1_245' title='bbox 2624 2338 2847 2401; x_wconf 86' lang='lat' dir='ltr'><strong>diccae</strong></span> <span class='ocrx_word' id='word_1_246' title='bbox 2896 2340 3312 2416; x_wconf 75' lang='lat' dir='ltr'><strong>tribuemus,</strong></span> <span class='ocrx_word' id='word_1_247' title='bbox 3392 2338 3694 2423; x_wconf 87' lang='lat' dir='ltr'><strong>quoniam</strong></span> <span class='ocrx_word' id='word_1_248' title='bbox 3753 2338 4161 2403; x_wconf 86' lang='lat' dir='ltr'><strong>simillimum</strong></span> 
     </span>
     <span class='ocr_line' id='line_1_46' title="bbox 2622 2438 4162 2505; baseline 0.002 -5"><span class='ocrx_word' id='word_1_249' title='bbox 2622 2440 2817 2502; x_wconf 83' lang='lat' dir='ltr'><strong>alium</strong></span> <span class='ocrx_word' id='word_1_250' title='bbox 2865 2460 3018 2502; x_wconf 82' lang='lat' dir='ltr'><strong>mox</strong></span> <span class='ocrx_word' id='word_1_251' title='bbox 3065 2438 3426 2505; x_wconf 80' lang='lat' dir='ltr'><strong>videbimus</strong></span> <span class='ocrx_word' id='word_1_252' title='bbox 3467 2441 3530 2500; x_wconf 89' lang='lat' dir='ltr'><strong>in</strong></span> <span class='ocrx_word' id='word_1_253' title='bbox 3571 2455 3832 2504; x_wconf 85' lang='lat' dir='ltr'><strong>moneta</strong></span> <span class='ocrx_word' id='word_1_254' title='bbox 3875 2440 4005 2504; x_wconf 74' lang='lat' dir='ltr'><strong>filii</strong></span> <span class='ocrx_word' id='word_1_255' title='bbox 4042 2446 4162 2503; x_wconf 78' lang='lat' dir='ltr'><strong>Ar·</strong></span> 
     </span>
     <span class='ocr_line' id='line_1_47' title="bbox 2618 2538 4158 2626; baseline 0 -23"><span class='ocrx_word' id='word_1_256' title='bbox 2618 2538 2851 2605; x_wconf 86' lang='lat' dir='ltr'><strong>chelai.</strong></span> <span class='ocrx_word' id='word_1_257' title='bbox 2910 2545 3158 2604; x_wconf 87' lang='lat' dir='ltr'><strong>Numos</strong></span> <span class='ocrx_word' id='word_1_258' title='bbox 3191 2563 3431 2605; x_wconf 82' lang='lat' dir='ltr'><strong>aeneos</strong></span> <span class='ocrx_word' id='word_1_259' title='bbox 3458 2542 3657 2617; x_wconf 86' lang='lat' dir='ltr'><strong>alios,</strong></span> <span class='ocrx_word' id='word_1_260' title='bbox 3703 2562 3884 2626; x_wconf 88' lang='lat' dir='ltr'><strong>quos</strong></span> <span class='ocrx_word' id='word_1_261' title='bbox 3900 2544 4158 2606; x_wconf 86' lang='lat' dir='ltr'><strong>Frocli·</strong></span> 
     </span>
     <span class='ocr_line' id='line_1_48' title="bbox 2617 2640 4154 2721; baseline 0.003 -18"><span class='ocrx_word' id='word_1_262' title='bbox 2617 2642 2801 2705; x_wconf 85' lang='lat' dir='ltr'><strong>chius</strong></span> <span class='ocrx_word' id='word_1_263' title='bbox 2841 2642 3057 2707; x_wconf 83' lang='lat' dir='ltr'><strong>eidem</strong></span> <span class='ocrx_word' id='word_1_264' title='bbox 3100 2640 3373 2718; x_wconf 75' lang='lat' dir='ltr'><strong>obtulit,</strong></span> <span class='ocrx_word' id='word_1_265' title='bbox 3420 2663 3564 2705; x_wconf 83' lang='lat' dir='ltr'><strong>esse</strong></span> <span class='ocrx_word' id='word_1_266' title='bbox 3612 2644 3972 2710; x_wconf 83' lang='lat' dir='ltr'><strong>Perdiccae</strong></span> <span class='ocrx_word' id='word_1_267' title='bbox 4015 2645 4154 2721; x_wconf 72' lang='grc' dir='ltr'><strong>ΙΙΙ..</strong></span> 
     </span>
    </p>
   </div>
   <div class='ocr_carea' id='block_1_22' title="bbox 2614 2742 3178 2913">
    <p class='ocr_par' dir='ltr' id='par_1_24' title="bbox 2614 2742 3178 2913">
     <span class='ocr_line' id='line_1_49' title="bbox 2614 2742 3178 2815; baseline 0.005 -12"><span class='ocrx_word' id='word_1_268' title='bbox 2614 2744 2681 2803; x_wconf 89' lang='lat' dir='ltr'><strong>in</strong></span> <span class='ocrx_word' id='word_1_269' title='bbox 2727 2743 2856 2806; x_wconf 91' lang='lat' dir='ltr'><strong>hoc</strong></span> <span class='ocrx_word' id='word_1_270' title='bbox 2903 2742 3178 2815; x_wconf 83' lang='lat' dir='ltr'><strong>docebo.</strong></span> 
     </span>
     <span class='ocr_line' id='line_1_50' title="bbox 2699 2847 3128 2913; baseline -0.009 -6"><span class='ocrx_word' id='word_1_271' title='bbox 2699 2847 2843 2907; x_wconf 79' lang='lat' dir='ltr'><strong>AB.</strong></span> <span class='ocrx_word' id='word_1_272' title='bbox 2888 2847 3128 2913; x_wconf 77' lang='lat' dir='ltr'><strong>BRRR.</strong></span> 
     </span>
    </p>
   </div>
   <div class='ocr_carea' id='block_1_23' title="bbox 2699 3019 4156 3239">
    <p class='ocr_par' dir='ltr' id='par_1_25' title="bbox 2699 3019 4156 3228">
     <span class='ocr_line' id='line_1_51' title="bbox 2996 3019 3744 3086; baseline 0.004 -5"><span class='ocrx_word' id='word_1_273' title='bbox 2996 3019 3128 3082; x_wconf 79' lang='lat' dir='ltr'><strong>AB</strong></span> <span class='ocrx_word' id='word_1_274' title='bbox 3149 3021 3278 3081; x_wconf 84' lang='lat' dir='ltr'><strong>CH</strong></span> <span class='ocrx_word' id='word_1_275' title='bbox 3294 3024 3503 3085; x_wconf 80' lang='lat' dir='ltr'><strong>ELA</strong></span> <span class='ocrx_word' id='word_1_276' title='bbox 3520 3025 3644 3084; x_wconf 81' lang='lat' dir='ltr'><strong>VS</strong></span> <span class='ocrx_word' id='word_1_277' title='bbox 3687 3026 3744 3086; x_wconf 83' lang='lat'><strong>1.</strong></span> 
     </span>
     <span class='ocr_line' id='line_1_52' title="bbox 2699 3123 4156 3239; baseline 0.007 -22"><span class='ocrx_word' id='word_1_278' title='bbox 2699 3123 3061 3224; x_wconf 79' lang='lat' dir='ltr'><strong>Perdiccae</strong></span> <span class='ocrx_word' id='word_1_279' title='bbox 3120 3167 3202 3232; x_wconf 87' lang='grc' dir='ltr'>Π</span> <span class='ocrx_word' id='word_1_280' title='bbox 3263 3161 3477 3239; x_wconf 81' lang='lat' dir='ltr'><strong>filius,</strong></span> <span class='ocrx_word' id='word_1_281' title='bbox 3548 3164 3749 3228; x_wconf 84' lang='lat' dir='ltr'><strong>caede</strong></span> <span class='ocrx_word' id='word_1_282' title='bbox 3789 3164 4030 3228; x_wconf 68' lang='lat' dir='ltr'><strong>⁸fratris</strong></span> <span class='ocrx_word' id='word_1_283' title='bbox 4073 3162 4156 3227; x_wconf 88' lang='lat' dir='ltr'><strong>ad</strong></span> 
     </span>
    </p>
   </div>
   <div class='ocr_carea' id='block_1_24' title="bbox 1011 3240 4157 3358">
    <p class='ocr_par' dir='ltr' id='par_1_26' title="bbox 1011 3240 4157 3358">
     <span class='ocr_line' id='line_1_53' title="bbox 1011 3240 4157 3358; baseline 0 -31"><span class='ocrx_word' id='word_1_284' title='bbox 1011 3240 1414 3358; x_wconf 80' lang='lat' dir='ltr'><strong>Quadratum</strong></span> <span class='ocrx_word' id='word_1_285' title='bbox 1450 3266 1654 3346; x_wconf 83' lang='lat' dir='ltr'><strong>partis</strong></span> <span class='ocrx_word' id='word_1_286' title='bbox 1693 3284 1965 3328; x_wconf 81' lang='lat' dir='ltr'><strong>aversae</strong></span> <span class='ocrx_word' id='word_1_287' title='bbox 2008 3271 2306 3352; x_wconf 84' lang='lat' dir='ltr'><strong>Begerus</strong></span> <span class='ocrx_word' id='word_1_288' title='bbox 2353 3272 2411 3347; x_wconf 75' lang='grc' dir='ltr'><strong>ῃ)</strong></span> <span class='ocrx_word' id='word_1_289' title='bbox 2478 3282 2550 3332; x_wconf 76' lang='lat' dir='ltr'><strong>et</strong></span> <span class='ocrx_word' id='word_1_290' title='bbox 2614 3277 2895 3343; x_wconf 81' lang='lat' dir='ltr'><strong>regnum</strong></span> <span class='ocrx_word' id='word_1_291' title='bbox 2944 3259 3265 3347; x_wconf 82' lang='lat' dir='ltr'><strong>designati</strong></span> <span class='ocrx_word' id='word_1_292' title='bbox 3306 3266 3605 3350; x_wconf 83' lang='lat' dir='ltr'><strong>imperat.</strong></span> <span class='ocrx_word' id='word_1_293' title='bbox 3665 3265 3946 3330; x_wconf 85' lang='lat' dir='ltr'><strong>Rebus&#39;</strong></span> <span class='ocrx_word' id='word_1_294' title='bbox 3925 3286 3993 3328; x_wconf 85' lang='lat' dir='ltr'><strong>m</strong></span> <span class='ocrx_word' id='word_1_295' title='bbox 4023 3268 4157 3327; x_wconf 76' lang='lat' dir='ltr'><strong>Ma·</strong></span> 
     </span>
    </p>
   </div>
   <div class='ocr_carea' id='block_1_25' title="bbox 1003 3365 2545 3856">
    <p class='ocr_par' dir='ltr' id='par_1_27' title="bbox 1003 3365 2545 3856">
     <span class='ocr_line' id='line_1_54' title="bbox 1008 3365 2545 3449; baseline 0.003 -20"><span class='ocrx_word' id='word_1_296' title='bbox 1008 3365 1425 3429; x_wconf 68' lang='lat' dir='ltr'><strong>Froelichius</strong></span> <span class='ocrx_word' id='word_1_297' title='bbox 1475 3368 1531 3443; x_wconf 87' lang='lat'><strong>0)</strong></span> <span class='ocrx_word' id='word_1_298' title='bbox 1603 3378 1857 3428; x_wconf 84' lang='lat' dir='ltr'><strong>temere</strong></span> <span class='ocrx_word' id='word_1_299' title='bbox 1919 3366 1999 3430; x_wconf 90' lang='lat' dir='ltr'><strong>de</strong></span> <span class='ocrx_word' id='word_1_300' title='bbox 2067 3366 2279 3449; x_wconf 83' lang='lat' dir='ltr'><strong>figura</strong></span> <span class='ocrx_word' id='word_1_301' title='bbox 2328 3372 2545 3433; x_wconf 84' lang='lat' dir='ltr'><strong>Mace·</strong></span> 
     </span>
     <span class='ocr_line' id='line_1_55' title="bbox 1011 3466 2541 3551; baseline 0.003 -24"><span class='ocrx_word' id='word_1_302' title='bbox 1011 3468 1243 3530; x_wconf 88' lang='lat' dir='ltr'><strong>doniae</strong></span> <span class='ocrx_word' id='word_1_303' title='bbox 1278 3466 1583 3548; x_wconf 82' lang='lat' dir='ltr'><strong>quadrata</strong></span> <span class='ocrx_word' id='word_1_304' title='bbox 1620 3467 1904 3551; x_wconf 84' lang='lat' dir='ltr'><strong>capiunt.</strong></span> <span class='ocrx_word' id='word_1_305' title='bbox 1953 3469 2068 3532; x_wconf 86' lang='lat' dir='ltr'><strong>Sin</strong></span> <span class='ocrx_word' id='word_1_306' title='bbox 2103 3468 2314 3548; x_wconf 84' lang='lat' dir='ltr'><strong>istud,</strong></span> <span class='ocrx_word' id='word_1_307' title='bbox 2348 3473 2541 3536; x_wconf 83' lang='lat' dir='ltr'><strong>etiam</strong></span> 
     </span>
     <span class='ocr_line' id='line_1_56' title="bbox 1007 3568 2545 3653; baseline 0.005 -24"><span class='ocrx_word' id='word_1_308' title='bbox 1007 3569 1356 3653; x_wconf 85' lang='lat' dir='ltr'><strong>quadratae</strong></span> <span class='ocrx_word' id='word_1_309' title='bbox 1408 3568 1597 3632; x_wconf 86' lang='lat' dir='ltr'><strong>fuere</strong></span> <span class='ocrx_word' id='word_1_310' title='bbox 1636 3568 1938 3643; x_wconf 87' lang='lat' dir='ltr'><strong>Abdera,</strong></span> <span class='ocrx_word' id='word_1_311' title='bbox 1975 3571 2324 3647; x_wconf 81' lang='lat' dir='ltr'><strong>Maronea,</strong></span> <span class='ocrx_word' id='word_1_312' title='bbox 2373 3572 2545 3636; x_wconf 86' lang='lat' dir='ltr'><strong>Tha·</strong></span> 
     </span>
     <span class='ocr_line' id='line_1_57' title="bbox 1005 3667 2197 3753; baseline 0.003 -22"><span class='ocrx_word' id='word_1_313' title='bbox 1005 3690 1154 3746; x_wconf 72' lang='grc' dir='ltr'><strong>ους,</strong></span> <span class='ocrx_word' id='word_1_314' title='bbox 1199 3667 1643 3753; x_wconf 81' lang='lat' dir='ltr'><strong>Amphipolis.</strong></span> <span class='ocrx_word' id='word_1_315' title='bbox 1699 3671 2028 3732; x_wconf 76' lang='lat' dir='ltr'><strong>Acanthus</strong></span> <span class='ocrx_word' id='word_1_316' title='bbox 2076 3678 2197 3735; x_wconf 67' lang='grc' dir='ltr'><strong>ἅτε.</strong></span> 
     </span>
     <span class='ocr_line' id='line_1_58' title="bbox 1003 3769 2537 3856; baseline 0.006 -29"><span class='ocrx_word' id='word_1_317' title='bbox 1003 3769 1133 3831; x_wconf 83' lang='lat' dir='ltr'><strong>hoc</strong></span> <span class='ocrx_word' id='word_1_318' title='bbox 1161 3769 1498 3853; x_wconf 87' lang='lat' dir='ltr'><strong>quadrato,</strong></span> <span class='ocrx_word' id='word_1_319' title='bbox 1540 3782 1832 3856; x_wconf 77' lang='lat' dir='ltr'><strong>remotae</strong></span> <span class='ocrx_word' id='word_1_320' title='bbox 1867 3770 2262 3856; x_wconf 72' lang='lat' dir='ltr'><strong>antiquitatis</strong></span> <span class='ocrx_word' id='word_1_321' title='bbox 2299 3772 2537 3850; x_wconf 83' lang='lat' dir='ltr'><strong>indice,</strong></span> 
     </span>
    </p>
   </div>
   <div class='ocr_carea' id='block_1_26' title="bbox 1007 3974 1377 4056">
    <p class='ocr_par' dir='ltr' id='par_1_28' title="bbox 1007 3974 1377 4056">
     <span class='ocr_line' id='line_1_59' title="bbox 1007 3974 1377 4056; baseline 0 -19"><span class='ocrx_word' id='word_1_322' title='bbox 1007 3995 1074 4056; x_wconf 87' lang='lat' dir='ltr'><strong>p.</strong></span> <span class='ocrx_word' id='word_1_323' title='bbox 1119 3974 1377 4049; x_wconf 79' lang='lat' dir='ltr'><strong>LXIV.)</strong></span> 
     </span>
    </p>
   </div>
   <div class='ocr_carea' id='block_1_27' title="bbox 996 4297 1532 4375">
    <p class='ocr_par' dir='ltr' id='par_1_29' title="bbox 996 4297 1532 4375">
     <span class='ocr_line' id='line_1_60' title="bbox 996 4297 1532 4375; baseline 0 -18"><span class='ocrx_word' id='word_1_324' title='bbox 996 4297 1104 4357; x_wconf 84' lang='lat' dir='ltr'><strong>xl.</strong></span> <span class='ocrx_word' id='word_1_325' title='bbox 1154 4318 1217 4375; x_wconf 92' lang='lat' dir='ltr'><strong>p.</strong></span> <span class='ocrx_word' id='word_1_326' title='bbox 1273 4316 1351 4356; x_wconf 87' lang='lat' dir='ltr'><strong>m.</strong></span> <span class='ocrx_word' id='word_1_327' title='bbox 1402 4300 1532 4362; x_wconf 78' lang='grc'><strong>466.</strong></span> 
     </span>
    </p>
   </div>
   <div class='ocr_carea' id='block_1_28' title="bbox 998 4385 2180 4482">
    <p class='ocr_par' dir='ltr' id='par_1_30' title="bbox 998 4385 2180 4482">
     <span class='ocr_line' id='line_1_61' title="bbox 998 4385 2180 4482; baseline 0.002 -36"><span class='ocrx_word' id='word_1_328' title='bbox 998 4389 1162 4448; x_wconf 84' lang='lat' dir='ltr'><strong>elem.</strong></span> <span class='ocrx_word' id='word_1_329' title='bbox 1197 4404 1316 4464; x_wconf 77' lang='lat' dir='ltr'><strong>pag</strong></span> <span class='ocrx_word' id='word_1_330' title='bbox 1372 4395 1499 4451; x_wconf 77' lang='grc'><strong>129.</strong></span> <span class='ocrx_word' id='word_1_331' title='bbox 1672 4386 1738 4458; x_wconf 86' lang='grc' dir='ltr'><strong>Ρ)</strong></span> <span class='ocrx_word' id='word_1_332' title='bbox 1775 4386 1844 4442; x_wconf 83' lang='lat' dir='ltr'><strong>L·</strong></span> <span class='ocrx_word' id='word_1_333' title='bbox 1881 4385 1959 4448; x_wconf 82' lang='lat' dir='ltr'><strong>V.</strong></span> <span class='ocrx_word' id='word_1_334' title='bbox 1997 4389 2048 4459; x_wconf 81' lang='lat'><strong>§.</strong></span> <span class='ocrx_word' id='word_1_335' title='bbox 2074 4398 2180 4482; x_wconf 49' lang='lat'><strong>27.</strong></span> 
     </span>
    </p>
   </div>
   <div class='ocr_carea' id='block_1_29' title="bbox 2259 3671 2552 3745">
    <p class='ocr_par' dir='ltr' id='par_1_31' title="bbox 2259 3671 2552 3745">
     <span class='ocr_line' id='line_1_62' title="bbox 2259 3671 2552 3745; baseline 0.01 -12"><span class='ocrx_word' id='word_1_336' title='bbox 2259 3671 2404 3734; x_wconf 82' lang='lat' dir='ltr'><strong>Alia</strong></span> <span class='ocrx_word' id='word_1_337' title='bbox 2456 3674 2552 3745; x_wconf 66' lang='lat' dir='ltr'><strong>da</strong></span> 
     </span>
    </p>
   </div>
   <div class='ocr_carea' id='block_1_30' title="bbox 1693 4207 2988 4384">
    <p class='ocr_par' dir='ltr' id='par_1_32' title="bbox 1693 4207 2988 4384">
     <span class='ocr_line' id='line_1_63' title="bbox 1812 4207 2988 4290; baseline 0.007 -27"><span class='ocrx_word' id='word_1_338' title='bbox 1812 4245 1824 4263; x_wconf 92' lang='lat'><strong>.</strong></span> <span class='ocrx_word' id='word_1_339' title='bbox 2019 4207 2067 4279; x_wconf 82' lang='lat' dir='ltr'><strong>i)</strong></span> <span class='ocrx_word' id='word_1_340' title='bbox 2104 4207 2381 4288; x_wconf 82' lang='lat' dir='ltr'><strong>Inscript.</strong></span> <span class='ocrx_word' id='word_1_341' title='bbox 2420 4223 2542 4269; x_wconf 86' lang='lat' dir='ltr'><strong>ant.</strong></span> <span class='ocrx_word' id='word_1_342' title='bbox 2579 4232 2713 4290; x_wconf 80' lang='lat' dir='ltr'><strong>pag.</strong></span> <span class='ocrx_word' id='word_1_343' title='bbox 2750 4216 2988 4274; x_wconf 74' lang='lat'><strong>37—42.</strong></span> 
     </span>
     <span class='ocr_line' id='line_1_64' title="bbox 1693 4296 2689 4384; baseline 0.007 -32"><span class='ocrx_word' id='word_1_344' title='bbox 1693 4297 1773 4369; x_wconf 83' lang='lat' dir='ltr'><strong>m)</strong></span> <span class='ocrx_word' id='word_1_345' title='bbox 1823 4296 2126 4375; x_wconf 81' lang='lat' dir='ltr'><strong>syntagm.</strong></span> <span class='ocrx_word' id='word_1_346' title='bbox 2176 4299 2242 4358; x_wconf 86' lang='grc' dir='ltr'><strong>Τ.</strong></span> <span class='ocrx_word' id='word_1_347' title='bbox 2293 4297 2342 4384; x_wconf 63' lang='lat'><strong>1.</strong></span> <span class='ocrx_word' id='word_1_348' title='bbox 2397 4318 2534 4376; x_wconf 79' lang='lat' dir='ltr'><strong>pag.</strong></span> <span class='ocrx_word' id='word_1_349' title='bbox 2562 4310 2689 4364; x_wconf 77' lang='lat'><strong>501.</strong></span> 
     </span>
    </p>
   </div>
   <div class='ocr_carea' id='block_1_31' title="bbox 2616 3360 4180 3445">
    <p class='ocr_par' dir='ltr' id='par_1_33' title="bbox 2616 3360 4180 3445">
     <span class='ocr_line' id='line_1_65' title="bbox 2616 3360 4180 3445; baseline 0.006 -24"><span class='ocrx_word' id='word_1_350' title='bbox 2616 3360 2890 3424; x_wconf 86' lang='lat' dir='ltr'><strong>cedonia</strong></span> <span class='ocrx_word' id='word_1_351' title='bbox 2916 3361 3255 3445; x_wconf 85' lang='lat' dir='ltr'><strong>praeclare</strong></span> <span class='ocrx_word' id='word_1_352' title='bbox 3272 3368 3638 3430; x_wconf 82' lang='lat' dir='ltr'><strong>constitutis</strong></span> <span class='ocrx_word' id='word_1_353' title='bbox 3654 3366 3792 3431; x_wconf 84' lang='lat' dir='ltr'><strong>obit</strong></span> <span class='ocrx_word' id='word_1_354' title='bbox 3808 3368 3890 3433; x_wconf 88' lang='lat' dir='ltr'><strong>V.</strong></span> <span class='ocrx_word' id='word_1_355' title='bbox 3911 3367 3986 3434; x_wconf 86' lang='lat' dir='ltr'><strong>C.</strong></span> <span class='ocrx_word' id='word_1_356' title='bbox 4003 3367 4148 3440; x_wconf 76' lang='lat'><strong>354.</strong></span> <span class='ocrx_word' id='word_1_357' title='bbox 4177 3411 4180 3414; x_wconf 28' lang='grc' dir='ltr'><strong><em>ι</em></strong></span> 
     </span>
    </p>
   </div>
   <div class='ocr_carea' id='block_1_32' title="bbox 3233 3544 3515 3603">
    <p class='ocr_par' dir='ltr' id='par_1_34' title="bbox 3233 3544 3515 3603">
     <span class='ocr_line' id='line_1_66' title="bbox 3233 3544 3515 3603; baseline -0.004 0"><span class='ocrx_word' id='word_1_358' title='bbox 3233 3544 3515 3603; x_wconf 74' lang='lat' dir='ltr'><strong>Numi.-</strong></span> 
     </span>
    </p>
   </div>
   <div class='ocr_carea' id='block_1_33' title="bbox 2614 3672 4152 3859">
    <p class='ocr_par' dir='ltr' id='par_1_35' title="bbox 2614 3672 4152 3859">
     <span class='ocr_line' id='line_1_67' title="bbox 2697 3672 4151 3764; baseline 0.004 -29"><span class='ocrx_word' id='word_1_359' title='bbox 2697 3677 2909 3756; x_wconf 76' lang='lat' dir='ltr'><strong>Eques</strong></span> <span class='ocrx_word' id='word_1_360' title='bbox 2951 3679 3233 3764; x_wconf 64' lang='lat' dir='ltr'><strong>pileatus</strong></span> <span class='ocrx_word' id='word_1_361' title='bbox 3295 3679 3488 3739; x_wconf 70' lang='lat' dir='ltr'><strong>binas</strong></span> <span class='ocrx_word' id='word_1_362' title='bbox 3524 3680 3746 3741; x_wconf 75' lang='lat' dir='ltr'><strong>hastas</strong></span> <span class='ocrx_word' id='word_1_363' title='bbox 3800 3691 4044 3743; x_wconf 75' lang='lat' dir='ltr'><strong>taum.</strong></span> <span class='ocrx_word' id='word_1_364' title='bbox 4103 3672 4151 3733; x_wconf 64' lang='grc'>3</span> 
     </span>
     <span class='ocr_line' id='line_1_68' title="bbox 2614 3768 4152 3859; baseline 0.008 -30"><span class='ocrx_word' id='word_1_365' title='bbox 2614 3768 3078 3840; x_wconf 85' lang='grc' dir='ltr'><strong>ΑΡΧΕΛΑΟ.</strong></span> <span class='ocrx_word' id='word_1_366' title='bbox 3114 3779 3219 3851; x_wconf 73' lang='lat' dir='ltr'><strong>(in</strong></span> <span class='ocrx_word' id='word_1_367' title='bbox 3246 3782 3405 3841; x_wconf 75' lang='lat' dir='ltr'><strong>aliis</strong></span> <span class='ocrx_word' id='word_1_368' title='bbox 3427 3781 3578 3840; x_wconf 64' lang='lat' dir='ltr'><strong>sine</strong></span> <span class='ocrx_word' id='word_1_369' title='bbox 3606 3781 4000 3859; x_wconf 62' lang='lat' dir='ltr'><strong>epigraphe.)</strong></span> <span class='ocrx_word' id='word_1_370' title='bbox 4031 3779 4152 3840; x_wconf 71' lang='lat' dir='ltr'><strong>Ca·</strong></span> 
     </span>
    </p>
   </div>
   <div class='ocr_carea' id='block_1_34' title="bbox 900 3870 4152 4061">
    <p class='ocr_par' dir='ltr' id='par_1_36' title="bbox 900 3870 4152 4061">
     <span class='ocr_line' id='line_1_69' title="bbox 900 3870 4152 3961; baseline 0.002 -28"><span class='ocrx_word' id='word_1_371' title='bbox 900 3881 907 3892; x_wconf 91' lang='lat'><em>&#39;</em></span> <span class='ocrx_word' id='word_1_372' title='bbox 942 3886 948 3890; x_wconf 55' lang='lat'><strong>⁴</strong></span> <span class='ocrx_word' id='word_1_373' title='bbox 1004 3872 1160 3933; x_wconf 86' lang='lat' dir='ltr'><strong>alibi</strong></span> <span class='ocrx_word' id='word_1_374' title='bbox 1204 3870 1563 3936; x_wconf 81' lang='lat' dir='ltr'><strong>docuimus.</strong></span> <span class='ocrx_word' id='word_1_375' title='bbox 1622 3871 2036 3952; x_wconf 74' lang='lat' dir='ltr'><strong>(Prolegom.</strong></span> <span class='ocrx_word' id='word_1_376' title='bbox 2093 3891 2243 3954; x_wconf 82' lang='lat' dir='ltr'><strong>gen.</strong></span> <span class='ocrx_word' id='word_1_377' title='bbox 2287 3873 2441 3938; x_wconf 83' lang='lat' dir='ltr'><strong>Vol.</strong></span> <span class='ocrx_word' id='word_1_378' title='bbox 2482 3877 2533 3938; x_wconf 84' lang='lat'><strong>1.</strong></span> <span class='ocrx_word' id='word_1_379' title='bbox 2599 3894 2719 3952; x_wconf 81' lang='lat' dir='ltr'><strong>per</strong></span> <span class='ocrx_word' id='word_1_380' title='bbox 2740 3878 3050 3938; x_wconf 73' lang='lat' dir='ltr'><strong>dt‘midius</strong></span> <span class='ocrx_word' id='word_1_381' title='bbox 3067 3883 3241 3939; x_wconf 78' lang='lat' dir='ltr'><strong>intra</strong></span> <span class='ocrx_word' id='word_1_382' title='bbox 3265 3877 4152 3961; x_wconf 78' lang='lat' dir='ltr'><strong>quadratum.AR.I.(Froe-</strong></span> 
     </span>
     <span class='ocr_line' id='line_1_70' title="bbox 2603 3975 3774 4061; baseline 0.007 -25"><span class='ocrx_word' id='word_1_383' title='bbox 2603 3975 2759 4039; x_wconf 86' lang='lat' dir='ltr'><strong>lich.</strong></span> <span class='ocrx_word' id='word_1_384' title='bbox 2788 3977 2954 4059; x_wconf 83' lang='lat' dir='ltr'><strong>Reg.</strong></span> <span class='ocrx_word' id='word_1_385' title='bbox 2991 3991 3119 4041; x_wconf 80' lang='lat' dir='ltr'><strong>vet.</strong></span> <span class='ocrx_word' id='word_1_386' title='bbox 3159 3998 3224 4060; x_wconf 79' lang='lat' dir='ltr'><strong>p.</strong></span> <span class='ocrx_word' id='word_1_387' title='bbox 3263 4001 3314 4041; x_wconf 84' lang='grc' dir='ltr'><strong>ι.</strong></span> <span class='ocrx_word' id='word_1_388' title='bbox 3349 3979 3774 4061; x_wconf 83' lang='lat' dir='ltr'><strong>Pembrock.)</strong></span> 
     </span>
    </p>
   </div>
   <div class='ocr_carea' id='block_1_35' title="bbox 2862 4212 3798 4382">
    <p class='ocr_par' dir='ltr' id='par_1_37' title="bbox 2862 4212 3798 4382">
     <span class='ocr_line' id='line_1_71' title="bbox 3158 4212 3794 4284; baseline 0.017 -19"><span class='ocrx_word' id='word_1_389' title='bbox 3158 4212 3225 4284; x_wconf 74' lang='lat' dir='ltr'><strong>k)</strong></span> <span class='ocrx_word' id='word_1_390' title='bbox 3262 4214 3467 4278; x_wconf 68' lang='lat' dir='ltr'><strong>natm.</strong></span> <span class='ocrx_word' id='word_1_391' title='bbox 3518 4215 3794 4276; x_wconf 83' lang='lat' dir='ltr'><strong>Sanvdic.</strong></span> 
     </span>
     <span class='ocr_line' id='line_1_72' title="bbox 2862 4299 3798 4382; baseline 0.012 -26"><span class='ocrx_word' id='word_1_392' title='bbox 2862 4299 2921 4373; x_wconf 67' lang='grc' dir='ltr'><strong>Β)</strong></span> <span class='ocrx_word' id='word_1_393' title='bbox 2962 4299 3140 4363; x_wconf 74' lang='lat' dir='ltr'><strong>Thes,</strong></span> <span class='ocrx_word' id='word_1_394' title='bbox 3178 4303 3272 4359; x_wconf 85' lang='lat' dir='ltr'><strong>Br.</strong></span> <span class='ocrx_word' id='word_1_395' title='bbox 3310 4303 3378 4359; x_wconf 88' lang='lat' dir='ltr'><strong>T.</strong></span> <span class='ocrx_word' id='word_1_396' title='bbox 3415 4304 3461 4362; x_wconf 91' lang='lat'><strong>1.</strong></span> <span class='ocrx_word' id='word_1_397' title='bbox 3500 4325 3566 4382; x_wconf 89' lang='grc' dir='ltr'><strong>Ρ.</strong></span> <span class='ocrx_word' id='word_1_398' title='bbox 3594 4315 3720 4368; x_wconf 83' lang='lat'><strong>220.</strong></span> <span class='ocrx_word' id='word_1_399' title='bbox 3787 4373 3798 4378; x_wconf 58' lang='grc'>,</span> 
     </span>
    </p>
   </div>
   <div class='ocr_carea' id='block_1_36' title="bbox 3897 4214 4140 4377">
    <p class='ocr_par' dir='ltr' id='par_1_38' title="bbox 3897 4214 4140 4377">
     <span class='ocr_line' id='line_1_73' title="bbox 3987 4214 4140 4288; baseline -0.013 -14"><span class='ocrx_word' id='word_1_400' title='bbox 3987 4214 4038 4288; x_wconf 82' lang='lat' dir='ltr'><strong>l)</strong></span> <span class='ocrx_word' id='word_1_401' title='bbox 4077 4219 4140 4274; x_wconf 82' lang='lat'><strong>1..</strong></span> 
     </span>
     <span class='ocr_line' id='line_1_74' title="bbox 3897 4306 4138 4377; baseline 0.004 -14"><span class='ocrx_word' id='word_1_402' title='bbox 3897 4307 3959 4377; x_wconf 78' lang='grc' dir='ltr'><strong>ο)</strong></span> <span class='ocrx_word' id='word_1_403' title='bbox 3997 4306 4138 4365; x_wconf 80' lang='lat' dir='ltr'><strong>Not.</strong></span> 
     </span>
    </p>
   </div>
   <div class='ocr_carea' id='block_1_37' title="bbox 4438 0 4518 5715">
    <p class='ocr_par' dir='ltr' id='par_1_39' title="bbox 4438 0 4518 5715">
     <span class='ocr_line' id='line_1_75' title="bbox 4438 0 4518 5715; baseline 0 0"><span class='ocrx_word' id='word_1_404' title='bbox 4438 0 4518 5715; x_wconf 95' lang='lat' dir='ltr'><strong> </strong></span> 
     </span>
    </p>
   </div>
  </div>
 </body>
</html>
