4575 5850
909 563 1053 649 192
2028 526 2112 616 Ι.
2195 540 2261 616 0
2364 537 2425 615 C

900 695 1075 786 ratas
1105 716 1320 782 minus
1345 728 1489 784 tuto
1516 713 1748 781 licebit
1774 712 2225 800 pronuntiare,
2251 708 2436 776 utris

899 820 1218 885 Graeciae
1273 819 1583 905 propriae
1621 818 1859 884 Locris
1902 816 2031 880 sint
2077 812 2433 879 tribuendi.

898 921 1006 985 En
1062 923 1318 987 fulmen
1369 924 1438 985 in
1492 921 1623 989 hoc
1684 938 1949 1006 quoque
2005 930 2434 983 monumento

896 1024 1155 1088 Palladi
1185 1024 1522 1093 tributum.
1566 1023 1959 1109 Opportune
1988 1019 2165 1086 istud
2194 1018 2261 1082 in
2292 1019 2432 1085 Lo-

900 1144 1166 1189 crorum
1218 1141 1514 1203 moneta‚
1572 1125 1742 1188 bene
1802 1142 2206 1199 memorum,
2250 1134 2433 1184 vete·

892 1246 1038 1289 rem
1093 1246 1285 1291 suum
1359 1248 1585 1314 regem
1643 1225 1912 1310 Ajacem
1970 1223 2149 1289 Oilei
2207 1222 2282 1287 F.
2349 1219 2430 1283 ab

890 1328 1057 1392 irata
1105 1328 1227 1392 dea
1265 1329 1542 1392 fulmine
1582 1341 2032 1412 peremptum,
2088 1323 2266 1409 quod
2308 1343 2429 1389 no-

819 1459 828 1472 ·
888 1441 1029 1492 tum
1066 1449 1149 1492 ex
1178 1432 1487 1508 Marone,
1531 1431 1830 1516 aliisque.

887 1533 1033 1594 ΑΕ.
1076 1534 1158 1598 Β.

1225 1689 1542 1752 Loca!
1627 1690 2098 1752 OPVNTJI.

976 1827 1087 1891 Sic
1131 1826 1293 1892 dicti
1336 1829 1420 1893 ab
1460 1830 1628 1894 urbe
1689 1828 1992 1915 Opunte,
2080 1847 2269 1914 quam
2329 1827 2428 1888 in·

889 1927 1282 1993 habitabant.

972 2020 1181 2111 Caput
1251 2035 1557 2096 muliebre
1626 2035 1839 2112 spicis'
1891 2044 2294 2098 coronatum.
2376 2026 2425 2090 ἶ

884 2127 1425 2195 ΟΠΟΝΤΙΩΝ.
1477 2138 1595 2197 Vir
1614 2139 1916 2216 quleatus
1945 2138 2155 2198 nudus
2173 2138 2426 2196 invem

882 2236 948 2298 d.
984 2237 1347 2313 gladiolum
1402 2240 1681 2297 iuterna!
1696 2277 1713 2310 ,
1800 2257 1854 2298 a.
1911 2238 2202 2316 clypeum
2233 2255 2428 2315 prae-

885 2338 1122 2411 tendit,
1166 2339 1350 2416 infra
1376 2339 1572 2416 qalea
1603 2355 1748 2396 cum
1778 2338 1968 2398 kasta
1986 2380 2004 2413 ,
2048 2340 2260 2411 aleta,
2306 2348 2424 2399 etc.

880 2437 1022 2498 AR.
1068 2436 1120 2502 1.
1162 2438 1280 2502 ΠΙ.
1326 2436 1530 2517 (Mus.
1562 2434 1785 2515 Caes.)

970 2540 1178 2616 Caput
1205 2541 1438 2602 simile.
1511 2533 1560 2595 ’.ἰ
1584 2530 2014 2624 ΑΟΚΡΩΝ.
2101 2541 2281 2602 Idem
2332 2552 2431 2621 ty-

874 2657 1030 2718 pus,
1076 2642 1252 2701 iutra
1287 2641 1497 2719 'pedes
1537 2660 2016 2721 monoyramma
2059 2637 2282 2703 OIIT.
2325 2644 2435 2705 vel

883 2734 1168 2806 ΟΠΟΤ.
1213 2742 1352 2802 ΑΒ.
1398 2741 1525 2805 ΙΙΙ.
1570 2742 1772 2823 (Mus.
1819 2740 2038 2823 Gaea.)

895 2897 903 2908 .
972 2842 1177 2920 Caput
1224 2844 1540 2904 Palladis.
1625 2835 1675 2900 ἶ
1729 2835 2161 2909 ΑΟΚΡΩΝ.
2253 2848 2429 2907 Idem

880 2943 1018 3003 viru*
1051 2948 1356 3008 irruentis
1402 2955 1623 3025 typus,
1680 2950 1801 3007 sed
1834 2949 2045 3026 eapite
2088 2951 2297 3024 nudo,
2356 2951 2427 3011 in

882 3062 1045 3103 area
1079 3048 1345 3108 tridens.
1390 3045 1532 3104 AR.
1578 3044 1700 3105 111.
1747 3044 1953 3126 (Mus.
1995 3047 2216 3130 Caes.)

899 3190 906 3197 .
970 3138 1264 3206 ΟΠΟΝ.
1345 3147 1568 3208 Dt'ota.
1653 3139 1703 3204 ἶ
1732 3149 2015 3211 Antrum.
2104 3149 2248 3216 AB.
2302 3148 2424 3211 ΙΙΙ.

888 3242 1214 3325 (Pellerin
1220 3244 1274 3328 .)

970 3349 1178 3427 eaput
1188 3349 1508 3411 Palladius
1522 3342 1573 3406 Ξ
1591 3349 1754 3410 Sine
1745 3351 2125 3430 epiqraplee.
2143 3356 2426 3419 Astmm.

883 3447 1031 3521 AR.
1075 3448 1202 3514 111.
1250 3448 1453 3531 (uus.
1500 3445 1724 3531 Caes.)

903 3554 1179 3629 Caput
1207 3552 1523 3613 Ραιιααε..
1572 3544 1620 3607 ae
1654 3543 2265 3624 οΠοΤΝΤΙΩΝ
2308 3561 2431 3620 Bo-

886 3661 1052 3715 mn.
1088 3651 1249 3720 ΔΕ
1271 3648 1824 3731 111.(Pellerin.)

967 3751 1207 3820 ‘Virum
1253 3765 1573 3815 armatum
1623 3750 1692 3811 in
1733 3750 1839 3814 his
1873 3752 2089 3815 numis
2120 3754 2428 3840 frequen·

884 3865 1024 3916 tem
1066 3851 1447 3915 Harduinus
1481 3865 1710 3914 censet
1744 3870 1893 3914 esse
1919 3853 2183 3938 Ajacem
2222 3856 2426 3936 Oilei,

888 3951 1004 4038 qui
1060 3952 1187 4016 fuit
1246 3970 1369 4017 rex
1413 3941 1857 4036 Opuntiorum
1886 3952 1983 4034 ι5),
2059 3980 2426 4044 quanquam

887 4064 960 4116 et
997 4051 1376 4128 Patroclus,
1448 4055 1770 4116 Menoetii
1821 4054 1937 4134 F„
1995 4058 2105 4126 hic
2165 4082 2429 4149 quoqne

882 4154 1071 4219 hello
1144 4152 1435 4236 Trojano
1501 4151 1784 4236 inclytus
1853 4160 2024 4240 apud
2099 4160 2430 4249 Opuntius

884 4265 1076 4320 natus
1147 4265 1252 4318 est
1329 4253 1608 4319 testibus
1670 4258 1969 4325 Homero
2030 4276 2098 4327 et
2155 4264 2429 4335 Ovidio.

2523 537 2894 618 RIS.

2508 709 2675 775 Sunt
2732 726 2817 772 ex
2871 707 2977 774 his
3030 707 3247 773 numia
3299 707 3370 771 in
3429 727 3659 774 museo
3713 709 4039 777 Caesareo

2506 810 2808 876 nonnulli
2863 809 3140 892 insignis
3192 808 3390 895 plane
3444 811 3701 895 operis,
3775 811 3887 897 qui
3929 832 4054 879 οῦ.

2504 913 2737 978 hibent
2793 912 3116 1010 gryphum
3169 912 3412 977 interni
3463 912 3680 999 clypei
3717 913 4040 979 volumini

2502 1014 2752 1081 affabre
2781 1011 3202 1101 insculptum.
3246 1009 3530 1093 Confer,
3573 1014 3630 1078 si
3656 1011 3877 1092 lubet,
3920 1014 4036 1080 ho·

2502 1139 2648 1180 rum
2686 1129 2909 1201 typum
2945 1134 3292 1182 numerum
3342 1113 3490 1182 eu'm
3533 1117 3788 1202 pictura
3822 1115 4040 1182 Theo-

2501 1218 2605 1280 nis
2637 1217 2811 1302 apud
2845 1217 3187 1282 Aelianum
3218 1219 3294 1296 ⁰).

2587 1318 2775 1413 Quos
2817 1320 3108 1384 secundo
3152 1320 3309 1385 loco
3361 1321 3713 1406 proposui,
3771 1332 4036 1406 praeter

2501 1421 2908 1508 epigraphen
2964 1415 3378 1486 ΛΟΚΡΩΝ
3441 1423 3732 1487 offerunt
3811 1440 4034 1484 mono-

2500 1543 2826 1608 gramma,
2871 1538 3204 1600 constans,
3252 1537 3323 1586 nt
3353 1523 3523 1600 dixi,
3571 1524 3780 1587 literis
3814 1518 4035 1589 ΟΠΤ.

2500 1629 2608 1691 vel
2670 1623 2985 1705 OHOY„
3061 1626 3235 1711 quod
3300 1624 3440 1689 sine
3500 1624 3707 1689 dubio
3768 1625 4033 1709 explen-

2498 1726 2650 1792 dum
2722 1726 3010 1809 legendo
3065 1723 3520 1789 ΟΠΟΤντιων.
3585 1729 3738 1792 ..Eos
3808 1726 4033 1789 nescio

2496 1850 2624 1916 qua
2690 1842 2972 1913 urgente
3041 1847 3236 1893 eausa
3297 1829 3697 1894 Pellerinius
3757 1829 4037 1913 Epicne-

2493 1931 2712 1997 midiis
2740 1928 3127 1994 tribuendos
3169 1944 3372 2016 putat.
3415 1931 3579 1994 Nam
3609 1927 3665 1992 si
3695 1930 3834 1994 cusi
3868 1942 4035 2003 sunt,
4124 1943 4136 1953 ·

2497 2032 2756 2119 quando
2816 2033 3029 2098 adhue
3088 2033 3533 2117 Epicnemidii
3601 2053 3749 2096 cum
3809 2031 4034 2115 Opun-

2494 2136 2606 2199 tiis
2674 2135 3020 2212 coaluere,
3089 2134 3269 2199 nulla
3325 2147 3427 2197 est
3483 2133 3685 2210 ratio,
3763 2151 3877 2197 eos
3933 2131 4035 2193 his

2497 2241 2748 2323 potius,
2805 2256 2999 2323 quam
3041 2237 3186 2300 aliis
3234 2235 3600 2318 tribuendi3
3669 2248 3734 2299 at
3779 2236 3830 2298 si
3888 2248 4037 2319 post

2496 2359 2726 2403 eorum
2762 2338 3269 2416 discessionem,
3330 2351 3616 2422 praestat
3659 2355 3773 2401 eos
3812 2336 4037 2420 Opun-

2493 2441 2602 2505 tiis
2708 2439 3054 2516 mandare,
3167 2459 3448 2523 quorum
3550 2458 4034 2521 monogramma

2493 2542 2900 2629 praeferunt.
2945 2546 3020 2605 In
3053 2544 3270 2605 numia
3307 2543 3430 2606 1¹¹.
3474 2540 3627 2606 l'oco
3664 2539 4031 2625 descriptis,

2497 2644 2610 2730 qui
2667 2643 3000 2730 prioribus
3066 2645 3355 2728 spectata
3412 2631 3643 2707 aversa
3716 2644 4081 2705 simillimi·

2498 2759 2688 2824 sunt,
2775 2746 2973 2810 etiam
3059 2746 3189 2811 hoo

2499 2868 2790 2931 gramma
2842 2846 3031 2909 deest
3083 2846 3329 2933 scripto
3391 2846 3536 2910 solo
3580 2843 4036 2915 'AOKPQRL

2498 2950 2723 3043 Quare
2786 2950 3052 3013 mallem
3112 2969 3348 3013 numos
3421 2949 3567 3012 solo
3622 2934 4085 3010 AOKPnN‘

2495 3052 2787 3138 insignes
2873 3071 3291 3115 communem
3377 3051 3759 3135 utriusque·
3808 3049 4037 3134 populi

2501 3167 2831 3218 monetam
2879 3167 3146 3237 putare,
3220 3164 3288 3215 et
3329 3156 3480 3226 eosf,
3538 3151 3649 3236 qui
3680 3151 4037 3235 ·Opuntio·

2502 3277 2650 3319 rum
2700 3257 2804 3319 vel
2847 3268 3112 3341 aperte,
3193 3256 3301 3318 vel
3358 3273 3482 3338 per
3545 3271 4035 3336 monogramma

2502 3357 2903 3434 meminere,
2947 3360 3335 3442 permittere
3357 3355 3688 3440 Opuntiis‚
3735 3356 3861 3418 etsi
3887 3375 4039 3438 pro·

2499 3459 2717 3522 babile
2769 3462 2884 3536 sit,
2966 3460 3197 3524 eadem
3251 3479 3512 3545 quoque
3571 3469 3831 3521 moneta
3886 3477 4035 3522 usos

2501 3561 3018 3645 Epicnemidios.

2584 3667 2677 3726 Ex
2726 3684 2925 3725 numo
2967 3664 3082 3730 lv.
3131 3673 3345 3747 patet,
3416 3679 3552 3723 non
3594 3659 3840 3747 Ozolae
3901 3681 4035 3723 mo·

2499 3763 2586 3829 do
2629 3768 3040 3849 Hesperum,
3111 3758 3229 3826 sed
3274 3759 3603 3845 Opuntius
3663 3781 3925 3848 quoque
3968 3762 4033 3829 in

2499 3863 2781 3954 symboli
2835 3867 2990 3929 loco
3066 3865 3391 3931 habuisse.
3474 3863 3647 3933 Vide
3720 3863 3893 3929 dicta
3966 3863 4031 3925 in

2500 3965 2757 4033 Ozolis.
2821 3968 3031 4053 Caput
3070 3965 3360 4029 Palladis
3403 3963 3472 4026 in
3502 3967 3875 4029 Locrorum
3917 3983 4037 4029 nu·

2501 4064 2623 4128 mis
2677 4064 2977 4147 obvium,
3022 4081 3093 4131 et
3136 4065 3312 4129 idem
3359 4078 3606 4134 astrum
3648 4079 4035 4152 sequentem

2500 4187 2765 4255 qnoque
2843 4189 3113 4246 numum
3204 4168 3721 4252 anepigraphum
3797 4166 4034 4231 Locris

2499 4270 2851 4336 vindicant.
2936 4271 3201 4336 Diotam
3273 4270 3572 4356 ejusdem
3646 4269 3831 4333 numi
3884 4268 4035 4334 illu·

909 4436 4027 4483 Ἦ

1000 4604 1005 4609 -
1117 4557 1187 4631 b)
1224 4555 1443 4623 strabo
1471 4557 1544 4647 ‘Lo
1580 4558 1683 4622 lx.
1721 4581 1907 4646 pam.
1942 4570 2080 4663 651..

2306 4574 2366 4647 e)
2403 4572 2482 4638 V.
2514 4573 2696 4664 R'L.
2736 4573 2817 4638 11.·
2845 4594 2898 4637 c.
2931 4578 3026 4641 44·

3276 2744 3719 2829 Opuntiorum
3809 2764 4034 2808 mono·
4122 2811 4137 2821 ,
