<?xml version="1.0" encoding="UTF-8"?>
<!DOCTYPE html PUBLIC "-//W3C//DTD XHTML 1.0 Transitional//EN"
    "http://www.w3.org/TR/xhtml1/DTD/xhtml1-transitional.dtd">
<html xmlns="http://www.w3.org/1999/xhtml" xml:lang="en" lang="en">
 <head>
  <title>
</title>
<meta http-equiv="Content-Type" content="text/html;charset=utf-8" />
  <meta name='ocr-system' content='tesseract 3.04.00' />
  <meta name='ocr-capabilities' content='ocr_page ocr_carea ocr_par ocr_line ocrx_word'/>
</head>
<body>
  <div class='ocr_page' id='page_1' title='image "./doctrinanumorum08unkngoog_0221.png"; bbox 0 0 4575 5850; ppageno 0'>
   <div class='ocr_carea' id='block_1_1' title="bbox 1641 436 2060 510">
    <p class='ocr_par' dir='ltr' id='par_1_1' title="bbox 1641 436 2060 510">
     <span class='ocr_line' id='line_1_1' title="bbox 1641 436 2060 510; baseline -0.005 0"><span class='ocrx_word' id='word_1_1' title='bbox 1641 436 2060 510; x_wconf 76' lang='lat' dir='ltr'>ATT-</span> 
     </span>
    </p>
   </div>
   <div class='ocr_carea' id='block_1_2' title="bbox 467 593 2072 2714">
    <p class='ocr_par' dir='ltr' id='par_1_2' title="bbox 467 593 2072 2714">
     <span class='ocr_line' id='line_1_2' title="bbox 529 593 2066 692; baseline -0.002 -21"><span class='ocrx_word' id='word_1_2' title='bbox 529 611 669 684; x_wconf 65' lang='grc' dir='ltr'><strong>ὼε,</strong></span> <span class='ocrx_word' id='word_1_3' title='bbox 728 625 893 689; x_wconf 86' lang='lat' dir='ltr'><strong>quae</strong></span> <span class='ocrx_word' id='word_1_4' title='bbox 958 606 1044 667; x_wconf 86' lang='lat' dir='ltr'><strong>ait</strong></span> <span class='ocrx_word' id='word_1_5' title='bbox 1107 593 1289 692; x_wconf 65' lang='lat' dir='ltr'><strong>‹iuasi</strong></span> <span class='ocrx_word' id='word_1_6' title='bbox 1347 602 1476 680; x_wconf 76' lang='grc' dir='ltr'><strong>ἔικη</strong></span> <span class='ocrx_word' id='word_1_7' title='bbox 1535 629 1639 689; x_wconf 62' lang='grc' dir='ltr'><strong>με»</strong></span> <span class='ocrx_word' id='word_1_8' title='bbox 1697 629 2066 691; x_wconf 61' lang='lat' dir='ltr'><strong>serapt-punc,</strong></span> 
     </span>
     <span class='ocr_line' id='line_1_3' title="bbox 526 712 2061 788; baseline 0.001 -21"><span class='ocrx_word' id='word_1_9' title='bbox 526 733 625 767; x_wconf 73' lang='grc' dir='ltr'><strong>και</strong></span> <span class='ocrx_word' id='word_1_10' title='bbox 689 712 989 780; x_wconf 46' lang='lat' dir='ltr'><strong>comanae,</strong></span> <span class='ocrx_word' id='word_1_11' title='bbox 1070 718 1300 771; x_wconf 79' lang='lat' dir='ltr'><strong>temere</strong></span> <span class='ocrx_word' id='word_1_12' title='bbox 1358 713 1620 788; x_wconf 70' lang='lat' dir='ltr'><strong>siquam</strong></span> <span class='ocrx_word' id='word_1_13' title='bbox 1675 719 1742 771; x_wconf 76' lang='lat' dir='ltr'><strong>et</strong></span> <span class='ocrx_word' id='word_1_14' title='bbox 1791 714 2061 773; x_wconf 77' lang='lat' dir='ltr'><strong>soloecu.</strong></span> 
     </span>
     <span class='ocr_line' id='line_1_4' title="bbox 467 807 2067 890; baseline -0.002 -18"><span class='ocrx_word' id='word_1_15' title='bbox 467 831 476 837; x_wconf 42' lang='lat'>⁸</span> <span class='ocrx_word' id='word_1_16' title='bbox 526 815 798 873; x_wconf 83' lang='lat' dir='ltr'><strong>Causam</strong></span> <span class='ocrx_word' id='word_1_17' title='bbox 859 807 1206 890; x_wconf 74' lang='lat' dir='ltr'>neglectae</span> <span class='ocrx_word' id='word_1_18' title='bbox 1250 809 1315 869; x_wconf 87' lang='lat' dir='ltr'><strong>in</strong></span> <span class='ocrx_word' id='word_1_19' title='bbox 1369 826 1630 873; x_wconf 83' lang='lat' dir='ltr'><strong>moneta</strong></span> <span class='ocrx_word' id='word_1_20' title='bbox 1673 813 1882 873; x_wconf 81' lang='lat' dir='ltr'><strong>Attica</strong></span> <span class='ocrx_word' id='word_1_21' title='bbox 1929 810 2067 873; x_wconf 89' lang='lat' dir='ltr'><strong>ele·</strong></span> 
     </span>
     <span class='ocr_line' id='line_1_5' title="bbox 519 907 2068 997; baseline -0.002 -21"><span class='ocrx_word' id='word_1_22' title='bbox 519 915 778 994; x_wconf 74' lang='lat' dir='ltr'><strong>gantiae</strong></span> <span class='ocrx_word' id='word_1_23' title='bbox 855 908 1136 972; x_wconf 84' lang='lat' dir='ltr'><strong>difficile</strong></span> <span class='ocrx_word' id='word_1_24' title='bbox 1214 907 1346 972; x_wconf 49' lang='lat' dir='ltr'><strong>est*</strong></span> <span class='ocrx_word' id='word_1_25' title='bbox 1375 911 1688 978; x_wconf 82' lang='lat' dir='ltr'><strong>divinare.</strong></span> <span class='ocrx_word' id='word_1_26' title='bbox 1776 911 2068 997; x_wconf 75' lang='lat' dir='ltr'><strong>Spanlie·</strong></span> 
     </span>
     <span class='ocr_line' id='line_1_6' title="bbox 530 1012 2067 1098; baseline 0 -27"><span class='ocrx_word' id='word_1_27' title='bbox 530 1012 694 1072; x_wconf 82' lang='lat' dir='ltr'><strong>mina</strong></span> <span class='ocrx_word' id='word_1_28' title='bbox 758 1031 904 1073; x_wconf 87' lang='lat' dir='ltr'><strong>cum</strong></span> <span class='ocrx_word' id='word_1_29' title='bbox 968 1012 1260 1086; x_wconf 70' lang='lat' dir='ltr'><strong>rideret,</strong></span> <span class='ocrx_word' id='word_1_30' title='bbox 1322 1014 1403 1074; x_wconf 80' lang='lat' dir='ltr'><strong>ab</strong></span> <span class='ocrx_word' id='word_1_31' title='bbox 1450 1015 1888 1098; x_wconf 77' lang='lat' dir='ltr'><strong>Aristophane</strong></span> <span class='ocrx_word' id='word_1_32' title='bbox 1952 1034 2067 1073; x_wconf 90' lang='lat' dir='ltr'><strong>nu-</strong></span> 
     </span>
     <span class='ocr_line' id='line_1_7' title="bbox 526 1105 2064 1198; baseline 0.001 -25"><span class='ocrx_word' id='word_1_33' title='bbox 526 1132 666 1173; x_wconf 88' lang='lat' dir='ltr'><strong>mos</strong></span> <span class='ocrx_word' id='word_1_34' title='bbox 739 1113 986 1174; x_wconf 81' lang='lat' dir='ltr'><strong>Atticos</strong></span> <span class='ocrx_word' id='word_1_35' title='bbox 1063 1136 1100 1175; x_wconf 87' lang='lat' dir='ltr'><strong>a</strong></span> <span class='ocrx_word' id='word_1_36' title='bbox 1170 1114 1654 1198; x_wconf 85' lang='lat' dir='ltr'><strong>pulchritudine</strong></span> <span class='ocrx_word' id='word_1_37' title='bbox 1721 1105 2064 1178; x_wconf 75' lang='lat' dir='ltr'><strong>=commen·</strong></span> 
     </span>
     <span class='ocr_line' id='line_1_8' title="bbox 523 1214 2065 1298; baseline 0.002 -22"><span class='ocrx_word' id='word_1_38' title='bbox 523 1214 699 1289; x_wconf 70' lang='lat' dir='ltr'><strong>dari,</strong></span> <span class='ocrx_word' id='word_1_39' title='bbox 760 1233 875 1276; x_wconf 88' lang='lat' dir='ltr'><strong>eos</strong></span> <span class='ocrx_word' id='word_1_40' title='bbox 937 1233 1135 1288; x_wconf 79' lang='lat' dir='ltr'><strong>vero,</strong></span> <span class='ocrx_word' id='word_1_41' title='bbox 1195 1235 1358 1298; x_wconf 89' lang='lat' dir='ltr'><strong>quos</strong></span> <span class='ocrx_word' id='word_1_42' title='bbox 1415 1218 1676 1279; x_wconf 85' lang='lat' dir='ltr'><strong>fortuna</strong></span> <span class='ocrx_word' id='word_1_43' title='bbox 1732 1217 1920 1278; x_wconf 88' lang='lat' dir='ltr'><strong>nobis</strong></span> <span class='ocrx_word' id='word_1_44' title='bbox 1967 1237 2065 1279; x_wconf 86' lang='lat' dir='ltr'><strong>re·</strong></span> 
     </span>
     <span class='ocr_line' id='line_1_9' title="bbox 521 1315 2066 1399; baseline 0.003 -25"><span class='ocrx_word' id='word_1_45' title='bbox 521 1315 712 1399; x_wconf 82' lang='lat' dir='ltr'><strong>liquit</strong></span> <span class='ocrx_word' id='word_1_46' title='bbox 756 1317 1179 1396; x_wconf 68' lang='lat' dir='ltr'><strong>superstites,</strong></span> <span class='ocrx_word' id='word_1_47' title='bbox 1227 1317 1487 1379; x_wconf 85' lang='lat' dir='ltr'><strong>laudem</strong></span> <span class='ocrx_word' id='word_1_48' title='bbox 1532 1318 1698 1380; x_wconf 88' lang='lat' dir='ltr'><strong>hanc</strong></span> <span class='ocrx_word' id='word_1_49' title='bbox 1741 1338 1869 1377; x_wconf 90' lang='lat' dir='ltr'><strong>non</strong></span> <span class='ocrx_word' id='word_1_50' title='bbox 1917 1339 2066 1399; x_wconf 83' lang='lat' dir='ltr'><strong>pro·</strong></span> 
     </span>
     <span class='ocr_line' id='line_1_10' title="bbox 525 1416 2064 1503; baseline 0.002 -27"><span class='ocrx_word' id='word_1_51' title='bbox 525 1416 803 1491; x_wconf 81' lang='lat' dir='ltr'><strong>mereri,</strong></span> <span class='ocrx_word' id='word_1_52' title='bbox 881 1418 1027 1499; x_wconf 84' lang='lat' dir='ltr'><strong>jure</strong></span> <span class='ocrx_word' id='word_1_53' title='bbox 1096 1416 1379 1480; x_wconf 83' lang='lat' dir='ltr'><strong>dubitari</strong></span> <span class='ocrx_word' id='word_1_54' title='bbox 1455 1437 1650 1503; x_wconf 84' lang='lat' dir='ltr'><strong>posse</strong></span> <span class='ocrx_word' id='word_1_55' title='bbox 1719 1417 2064 1493; x_wconf 76' lang='lat' dir='ltr'><strong>existimat,</strong></span> 
     </span>
     <span class='ocr_line' id='line_1_11' title="bbox 526 1518 2063 1602; baseline 0.002 -25"><span class='ocrx_word' id='word_1_56' title='bbox 526 1529 738 1579; x_wconf 88' lang='lat' dir='ltr'><strong>utrum</strong></span> <span class='ocrx_word' id='word_1_57' title='bbox 799 1520 1142 1599; x_wconf 81' lang='lat' dir='ltr'><strong>elegantes</strong></span> <span class='ocrx_word' id='word_1_58' title='bbox 1201 1520 1271 1581; x_wconf 82' lang='lat' dir='ltr'><strong>hi</strong></span> <span class='ocrx_word' id='word_1_59' title='bbox 1328 1520 1469 1602; x_wconf 86' lang='lat' dir='ltr'><strong>ejus</strong></span> <span class='ocrx_word' id='word_1_60' title='bbox 1529 1518 1699 1599; x_wconf 86' lang='lat' dir='ltr'><strong>reip.</strong></span> <span class='ocrx_word' id='word_1_61' title='bbox 1759 1519 1938 1579; x_wconf 86' lang='lat' dir='ltr'><strong>numi</strong></span> <span class='ocrx_word' id='word_1_62' title='bbox 1983 1519 2063 1588; x_wconf 78' lang='lat' dir='ltr'><strong>ad</strong></span> 
     </span>
     <span class='ocr_line' id='line_1_12' title="bbox 524 1617 2065 1701; baseline -0.001 -19"><span class='ocrx_word' id='word_1_63' title='bbox 524 1638 642 1682; x_wconf 83' lang='lat' dir='ltr'><strong>nos</strong></span> <span class='ocrx_word' id='word_1_64' title='bbox 701 1621 1127 1701; x_wconf 74' lang='lat' dir='ltr'>pervenerint</span> <span class='ocrx_word' id='word_1_65' title='bbox 1169 1622 1256 1694; x_wconf 86' lang='lat' dir='ltr'><strong>P).</strong></span> <span class='ocrx_word' id='word_1_66' title='bbox 1346 1624 1429 1680; x_wconf 81' lang='lat' dir='ltr'><strong>At</strong></span> <span class='ocrx_word' id='word_1_67' title='bbox 1493 1617 1666 1677; x_wconf 88' lang='lat' dir='ltr'><strong>enim</strong></span> <span class='ocrx_word' id='word_1_68' title='bbox 1733 1639 1863 1679; x_wconf 89' lang='lat' dir='ltr'><strong>non</strong></span> <span class='ocrx_word' id='word_1_69' title='bbox 1912 1620 2065 1680; x_wconf 83' lang='lat' dir='ltr'><strong>satis</strong></span> 
     </span>
     <span class='ocr_line' id='line_1_13' title="bbox 521 1717 2063 1804; baseline 0.004 -28"><span class='ocrx_word' id='word_1_70' title='bbox 521 1717 859 1801; x_wconf 86' lang='lat' dir='ltr'><strong>intelligo,</strong></span> <span class='ocrx_word' id='word_1_71' title='bbox 919 1736 1096 1804; x_wconf 78' lang='lat' dir='ltr'><strong>quae·</strong></span> <span class='ocrx_word' id='word_1_72' title='bbox 1147 1739 1335 1782; x_wconf 89' lang='lat' dir='ltr'><strong>causa</strong></span> <span class='ocrx_word' id='word_1_73' title='bbox 1398 1718 1633 1794; x_wconf 83' lang='lat' dir='ltr'><strong>fuerit,</strong></span> <span class='ocrx_word' id='word_1_74' title='bbox 1695 1741 1813 1783; x_wconf 87' lang='lat' dir='ltr'><strong>cur</strong></span> <span class='ocrx_word' id='word_1_75' title='bbox 1875 1720 2063 1803; x_wconf 86' lang='lat' dir='ltr'><strong>longa</strong></span> 
     </span>
     <span class='ocr_line' id='line_1_14' title="bbox 519 1821 2066 1904; baseline 0 -25"><span class='ocrx_word' id='word_1_76' title='bbox 519 1833 736 1895; x_wconf 83' lang='lat' dir='ltr'><strong>aetas,</strong></span> <span class='ocrx_word' id='word_1_77' title='bbox 817 1841 982 1904; x_wconf 87' lang='lat' dir='ltr'><strong>quae</strong></span> <span class='ocrx_word' id='word_1_78' title='bbox 1059 1822 1327 1884; x_wconf 87' lang='lat' dir='ltr'><strong>aliarum</strong></span> <span class='ocrx_word' id='word_1_79' title='bbox 1405 1840 1691 1901; x_wconf 85' lang='lat' dir='ltr'><strong>rerump.</strong></span> <span class='ocrx_word' id='word_1_80' title='bbox 1751 1821 2066 1902; x_wconf 87' lang='lat' dir='ltr'><strong>eleganti·</strong></span> 
     </span>
     <span class='ocr_line' id='line_1_15' title="bbox 526 1908 2067 2008; baseline 0.001 -28"><span class='ocrx_word' id='word_1_81' title='bbox 526 1919 647 1980; x_wconf 88' lang='lat' dir='ltr'><strong>bus</strong></span> <span class='ocrx_word' id='word_1_82' title='bbox 707 1908 919 1984; x_wconf 78' lang='lat' dir='ltr'><strong>numia</strong></span> <span class='ocrx_word' id='word_1_83' title='bbox 976 1921 1310 2008; x_wconf 80' lang='lat' dir='ltr'>pepercit,</span> <span class='ocrx_word' id='word_1_84' title='bbox 1377 1919 1440 1978; x_wconf 90' lang='lat' dir='ltr'><strong>in</strong></span> <span class='ocrx_word' id='word_1_85' title='bbox 1488 1921 1665 1981; x_wconf 87' lang='lat' dir='ltr'><strong>solos</strong></span> <span class='ocrx_word' id='word_1_86' title='bbox 1710 1922 2067 1995; x_wconf 78' lang='lat' dir='ltr'><strong>Athenien-</strong></span> 
     </span>
     <span class='ocr_line' id='line_1_16' title="bbox 525 2022 2067 2107; baseline -0.001 -24"><span class='ocrx_word' id='word_1_87' title='bbox 525 2022 688 2084; x_wconf 72' lang='lat' dir='ltr'><strong>sium</strong></span> <span class='ocrx_word' id='word_1_88' title='bbox 751 2024 1092 2107; x_wconf 75' lang='lat' dir='ltr'>elegantes</span> <span class='ocrx_word' id='word_1_89' title='bbox 1145 2043 1378 2084; x_wconf 82' lang='lat' dir='ltr'><strong>numos</strong></span> <span class='ocrx_word' id='word_1_90' title='bbox 1434 2023 1752 2095; x_wconf 81' lang='lat' dir='ltr'><strong>saeviret,</strong></span> <span class='ocrx_word' id='word_1_91' title='bbox 1810 2035 1876 2084; x_wconf 88' lang='lat' dir='ltr'><strong>et</strong></span> <span class='ocrx_word' id='word_1_92' title='bbox 1934 2037 2067 2085; x_wconf 88' lang='lat' dir='ltr'><strong>tan·</strong></span> 
     </span>
     <span class='ocr_line' id='line_1_17' title="bbox 527 2107 2069 2216; baseline -0.001 -30"><span class='ocrx_word' id='word_1_93' title='bbox 527 2138 663 2186; x_wconf 88' lang='lat' dir='ltr'><strong>tum</strong></span> <span class='ocrx_word' id='word_1_94' title='bbox 723 2143 955 2186; x_wconf 80' lang='lat' dir='ltr'><strong>eorum</strong></span> <span class='ocrx_word' id='word_1_95' title='bbox 1020 2107 1320 2187; x_wconf 85' lang='lat' dir='ltr'><strong>monetae</strong></span> <span class='ocrx_word' id='word_1_96' title='bbox 1398 2124 1652 2216; x_wconf 68' lang='lat' dir='ltr'><strong>rudiori</strong></span> <span class='ocrx_word' id='word_1_97' title='bbox 1723 2119 2069 2206; x_wconf 59' lang='lat' dir='ltr'><strong>indulgen-*-</strong></span> 
     </span>
     <span class='ocr_line' id='line_1_18' title="bbox 524 2222 2069 2317; baseline 0.001 -30"><span class='ocrx_word' id='word_1_98' title='bbox 524 2239 659 2287; x_wconf 83' lang='lat' dir='ltr'><strong>tem</strong></span> <span class='ocrx_word' id='word_1_99' title='bbox 720 2245 867 2287; x_wconf 87' lang='lat' dir='ltr'><strong>sese</strong></span> <span class='ocrx_word' id='word_1_100' title='bbox 922 2227 1295 2308; x_wconf 81' lang='lat' dir='ltr'><strong>praeberet.</strong></span> <span class='ocrx_word' id='word_1_101' title='bbox 1384 2222 1583 2317; x_wconf 80' lang='lat' dir='ltr'><strong>Quod</strong></span> <span class='ocrx_word' id='word_1_102' title='bbox 1628 2225 1681 2286; x_wconf 87' lang='lat' dir='ltr'><strong>si</strong></span> <span class='ocrx_word' id='word_1_103' title='bbox 1724 2239 1917 2308; x_wconf 85' lang='lat' dir='ltr'><strong>poeta</strong></span> <span class='ocrx_word' id='word_1_104' title='bbox 1962 2245 2069 2289; x_wconf 87' lang='lat' dir='ltr'><strong>co·</strong></span> 
     </span>
     <span class='ocr_line' id='line_1_19' title="bbox 527 2327 2070 2410; baseline 0 -22"><span class='ocrx_word' id='word_1_105' title='bbox 527 2327 733 2389; x_wconf 90' lang='lat' dir='ltr'><strong>micus</strong></span> <span class='ocrx_word' id='word_1_106' title='bbox 776 2347 859 2388; x_wconf 87' lang='lat' dir='ltr'><strong>eo</strong></span> <span class='ocrx_word' id='word_1_107' title='bbox 906 2329 1060 2390; x_wconf 85' lang='lat' dir='ltr'><strong>loeo</strong></span> <span class='ocrx_word' id='word_1_108' title='bbox 1107 2347 1342 2390; x_wconf 87' lang='lat' dir='ltr'><strong>numos</strong></span> <span class='ocrx_word' id='word_1_109' title='bbox 1383 2327 1631 2410; x_wconf 84' lang='lat' dir='ltr'><strong>patrios</strong></span> <span class='ocrx_word' id='word_1_110' title='bbox 1680 2341 1870 2389; x_wconf 66' lang='lat' dir='ltr'><strong>vocat</strong></span> <span class='ocrx_word' id='word_1_111' title='bbox 1923 2332 2070 2389; x_wconf 81' lang='grc' dir='ltr'>καλ-</span> 
     </span>
     <span class='ocr_line' id='line_1_20' title="bbox 523 2426 2069 2509; baseline -0.001 -19"><span class='ocrx_word' id='word_1_112' title='bbox 523 2434 780 2506; x_wconf 69' lang='grc' dir='ltr'><strong>λιστκς,</strong></span> <span class='ocrx_word' id='word_1_113' title='bbox 842 2450 971 2491; x_wconf 88' lang='lat' dir='ltr'><strong>non</strong></span> <span class='ocrx_word' id='word_1_114' title='bbox 1028 2428 1256 2491; x_wconf 82' lang='lat' dir='ltr'><strong>hercle</strong></span> <span class='ocrx_word' id='word_1_115' title='bbox 1314 2429 1605 2509; x_wconf 86' lang='lat' dir='ltr'><strong>respexit</strong></span> <span class='ocrx_word' id='word_1_116' title='bbox 1662 2442 1906 2504; x_wconf 86' lang='lat' dir='ltr'><strong>artem,</strong></span> <span class='ocrx_word' id='word_1_117' title='bbox 1953 2426 2069 2493; x_wconf 84' lang='lat' dir='ltr'><strong>sed</strong></span> 
     </span>
     <span class='ocr_line' id='line_1_21' title="bbox 526 2529 2072 2614; baseline 0.001 -24"><span class='ocrx_word' id='word_1_118' title='bbox 526 2531 743 2613; x_wconf 65' lang='lat' dir='ltr'><strong>potitis</strong></span> <span class='ocrx_word' id='word_1_119' title='bbox 816 2530 1208 2614; x_wconf 73' lang='lat' dir='ltr'><strong>probitatem</strong></span> <span class='ocrx_word' id='word_1_120' title='bbox 1281 2529 1528 2592; x_wconf 87' lang='lat' dir='ltr'><strong>metalli</strong></span> <span class='ocrx_word' id='word_1_121' title='bbox 1586 2530 1944 2604; x_wconf 86' lang='lat' dir='ltr'><strong>internam,</strong></span> <span class='ocrx_word' id='word_1_122' title='bbox 2001 2544 2072 2592; x_wconf 86' lang='lat' dir='ltr'><strong>ut</strong></span> 
     </span>
     <span class='ocr_line' id='line_1_22' title="bbox 530 2629 2068 2714; baseline -0.003 -19"><span class='ocrx_word' id='word_1_123' title='bbox 530 2653 614 2695; x_wconf 77' lang='lat' dir='ltr'><strong>ex</strong></span> <span class='ocrx_word' id='word_1_124' title='bbox 683 2629 983 2696; x_wconf 72' lang='lat' dir='ltr'><strong>versibus</strong></span> <span class='ocrx_word' id='word_1_125' title='bbox 1052 2630 1368 2694; x_wconf 79' lang='lat' dir='ltr'>connexis</span> <span class='ocrx_word' id='word_1_126' title='bbox 1452 2629 1704 2714; x_wconf 90' lang='lat' dir='ltr'><strong>liquido</strong></span> <span class='ocrx_word' id='word_1_127' title='bbox 1780 2643 2068 2714; x_wconf 83' lang='lat' dir='ltr'><strong>apparet.</strong></span> 
     </span>
    </p>
   </div>
   <div class='ocr_carea' id='block_1_3' title="bbox 532 2717 2106 2814">
    <p class='ocr_par' dir='ltr' id='par_1_3' title="bbox 532 2717 2106 2814">
     <span class='ocr_line' id='line_1_23' title="bbox 532 2717 2106 2814; baseline -0.002 -19"><span class='ocrx_word' id='word_1_128' title='bbox 532 2732 632 2799; x_wconf 82' lang='lat' dir='ltr'><strong>Cl.</strong></span> <span class='ocrx_word' id='word_1_129' title='bbox 688 2735 890 2795; x_wconf 74' lang='lat' dir='ltr'><strong>Pauw</strong></span> <span class='ocrx_word' id='word_1_130' title='bbox 951 2731 1128 2793; x_wconf 84' lang='lat' dir='ltr'><strong>hunc</strong></span> <span class='ocrx_word' id='word_1_131' title='bbox 1184 2717 1824 2814; x_wconf 50' lang='lat' dir='ltr'><strong>perfectiorisartis</strong></span> <span class='ocrx_word' id='word_1_132' title='bbox 1892 2730 2106 2800; x_wconf 76' lang='lat' dir='ltr'><strong>defe·,</strong></span> 
     </span>
    </p>
   </div>
   <div class='ocr_carea' id='block_1_4' title="bbox 507 2832 2076 4145">
    <p class='ocr_par' dir='ltr' id='par_1_4' title="bbox 507 2832 2076 4145">
     <span class='ocr_line' id='line_1_24' title="bbox 530 2832 2072 2916; baseline 0 -20"><span class='ocrx_word' id='word_1_133' title='bbox 530 2848 705 2899; x_wconf 89' lang='lat' dir='ltr'><strong>ctum</strong></span> <span class='ocrx_word' id='word_1_134' title='bbox 782 2832 850 2894; x_wconf 85' lang='lat' dir='ltr'><strong>in</strong></span> <span class='ocrx_word' id='word_1_135' title='bbox 925 2833 1384 2916; x_wconf 86' lang='lat' dir='ltr'><strong>parsimoniam</strong></span> <span class='ocrx_word' id='word_1_136' title='bbox 1470 2833 1736 2916; x_wconf 77' lang='lat' dir='ltr'><strong>rebusp.</strong></span> <span class='ocrx_word' id='word_1_137' title='bbox 1797 2833 2072 2898; x_wconf 58' lang='lat' dir='ltr'><strong>familia«</strong></span> 
     </span>
     <span class='ocr_line' id='line_1_25' title="bbox 531 2932 2067 3019; baseline 0 -20"><span class='ocrx_word' id='word_1_138' title='bbox 531 2957 672 3002; x_wconf 87' lang='lat' dir='ltr'><strong>rem</strong></span> <span class='ocrx_word' id='word_1_139' title='bbox 746 2932 1047 3017; x_wconf 86' lang='lat' dir='ltr'><strong>conjicit,</strong></span> <span class='ocrx_word' id='word_1_140' title='bbox 1107 2937 1565 3019; x_wconf 67' lang='lat' dir='ltr'><strong>quaestoribus</strong></span> <span class='ocrx_word' id='word_1_141' title='bbox 1643 2936 1879 3000; x_wconf 84' lang='lat' dir='ltr'><strong>aerarii</strong></span> <span class='ocrx_word' id='word_1_142' title='bbox 1939 2952 2067 2999; x_wconf 88' lang='lat' dir='ltr'><strong>tam</strong></span> 
     </span>
     <span class='ocr_line' id='line_1_26' title="bbox 530 3038 2070 3120; baseline 0.001 -21"><span class='ocrx_word' id='word_1_143' title='bbox 530 3054 730 3101; x_wconf 85' lang='lat' dir='ltr'><strong>tenue</strong></span> <span class='ocrx_word' id='word_1_144' title='bbox 809 3056 1051 3120; x_wconf 85' lang='lat' dir='ltr'><strong>operae</strong></span> <span class='ocrx_word' id='word_1_145' title='bbox 1121 3038 1403 3119; x_wconf 87' lang='lat' dir='ltr'><strong>pretium</strong></span> <span class='ocrx_word' id='word_1_146' title='bbox 1467 3038 1931 3113; x_wconf 74' lang='lat' dir='ltr'><strong>statuentibus,</strong></span> <span class='ocrx_word' id='word_1_147' title='bbox 1999 3052 2070 3100; x_wconf 88' lang='lat' dir='ltr'><strong>ut</strong></span> 
     </span>
     <span class='ocr_line' id='line_1_27' title="bbox 531 3137 2074 3222; baseline 0.001 -21"><span class='ocrx_word' id='word_1_148' title='bbox 531 3139 842 3202; x_wconf 86' lang='lat' dir='ltr'><strong>meliores</strong></span> <span class='ocrx_word' id='word_1_149' title='bbox 888 3137 1169 3201; x_wconf 78' lang='lat' dir='ltr'><strong>artifices</strong></span> <span class='ocrx_word' id='word_1_150' title='bbox 1213 3137 1660 3202; x_wconf 84' lang='lat' dir='ltr'><strong>detrectarent</strong></span> <span class='ocrx_word' id='word_1_151' title='bbox 1711 3140 1900 3222; x_wconf 84' lang='lat' dir='ltr'><strong>operi</strong></span> <span class='ocrx_word' id='word_1_152' title='bbox 1944 3161 2074 3202; x_wconf 88' lang='lat' dir='ltr'><strong>ma-</strong></span> 
     </span>
     <span class='ocr_line' id='line_1_28' title="bbox 531 3239 2073 3322; baseline -0.001 -18"><span class='ocrx_word' id='word_1_153' title='bbox 531 3263 683 3304; x_wconf 81' lang='lat' dir='ltr'><strong>num</strong></span> <span class='ocrx_word' id='word_1_154' title='bbox 744 3240 1060 3303; x_wconf 83' lang='lat' dir='ltr'><strong>adhibere</strong></span> <span class='ocrx_word' id='word_1_155' title='bbox 1111 3241 1200 3322; x_wconf 77' lang='lat' dir='ltr'><strong>q).</strong></span> <span class='ocrx_word' id='word_1_156' title='bbox 1280 3240 1469 3317; x_wconf 56' lang='lat' dir='ltr'><strong>,Haec</strong></span> <span class='ocrx_word' id='word_1_157' title='bbox 1527 3259 1679 3303; x_wconf 83' lang='lat' dir='ltr'><strong>cum</strong></span> <span class='ocrx_word' id='word_1_158' title='bbox 1748 3239 2073 3303; x_wconf 76' lang='lat' dir='ltr'><strong>scriberet</strong></span> 
     </span>
     <span class='ocr_line' id='line_1_29' title="bbox 535 3338 2069 3426; baseline -0.001 -19"><span class='ocrx_word' id='word_1_159' title='bbox 535 3344 665 3421; x_wconf 82' lang='lat' dir='ltr'><strong>vir,</strong></span> <span class='ocrx_word' id='word_1_160' title='bbox 724 3340 903 3426; x_wconf 84' lang='lat' dir='ltr'><strong>quod</strong></span> <span class='ocrx_word' id='word_1_161' title='bbox 957 3342 1245 3404; x_wconf 73' lang='lat' dir='ltr'><strong>libenter</strong></span> <span class='ocrx_word' id='word_1_162' title='bbox 1301 3338 1656 3424; x_wconf 83' lang='lat' dir='ltr'><strong>profiteor,</strong></span> <span class='ocrx_word' id='word_1_163' title='bbox 1732 3343 2069 3424; x_wconf 83' lang='lat' dir='ltr'><strong>praeclare</strong></span> 
     </span>
     <span class='ocr_line' id='line_1_30' title="bbox 529 3440 2067 3528; baseline -0.004 -18"><span class='ocrx_word' id='word_1_164' title='bbox 529 3444 859 3519; x_wconf 81' lang='lat' dir='ltr'><strong>eruditus,</strong></span> <span class='ocrx_word' id='word_1_165' title='bbox 904 3442 1278 3528; x_wconf 83' lang='lat' dir='ltr'><strong>exemplum</strong></span> <span class='ocrx_word' id='word_1_166' title='bbox 1323 3456 1395 3505; x_wconf 87' lang='lat' dir='ltr'><strong>et</strong></span> <span class='ocrx_word' id='word_1_167' title='bbox 1441 3442 1582 3526; x_wconf 82' lang='lat' dir='ltr'><strong>ipse</strong></span> <span class='ocrx_word' id='word_1_168' title='bbox 1614 3440 1829 3518; x_wconf 81' lang='lat' dir='ltr'><strong>dedit,</strong></span> <span class='ocrx_word' id='word_1_169' title='bbox 1877 3463 2067 3528; x_wconf 81' lang='lat' dir='ltr'><strong>quam</strong></span> 
     </span>
     <span class='ocr_line' id='line_1_31' title="bbox 531 3544 2070 3630; baseline -0.001 -22"><span class='ocrx_word' id='word_1_170' title='bbox 531 3545 974 3630; x_wconf 84' lang='lat' dir='ltr'><strong>periculosum</strong></span> <span class='ocrx_word' id='word_1_171' title='bbox 1038 3547 1122 3608; x_wconf 85' lang='lat' dir='ltr'><strong>sit</strong></span> <span class='ocrx_word' id='word_1_172' title='bbox 1163 3559 1443 3609; x_wconf 84' lang='lat' dir='ltr'><strong>tractare</strong></span> <span class='ocrx_word' id='word_1_173' title='bbox 1482 3558 1940 3626; x_wconf 73' lang='lat' dir='ltr'><strong>argumentum</strong></span> <span class='ocrx_word' id='word_1_174' title='bbox 1987 3544 2070 3607; x_wconf 91' lang='lat' dir='ltr'><strong>si-</strong></span> 
     </span>
     <span class='ocr_line' id='line_1_32' title="bbox 535 3644 2069 3731; baseline -0.003 -20"><span class='ocrx_word' id='word_1_175' title='bbox 535 3668 618 3711; x_wconf 90' lang='lat' dir='ltr'><strong>ne</strong></span> <span class='ocrx_word' id='word_1_176' title='bbox 672 3666 896 3711; x_wconf 81' lang='lat' dir='ltr'><strong>rerum</strong></span> <span class='ocrx_word' id='word_1_177' title='bbox 941 3649 1231 3710; x_wconf 85' lang='lat' dir='ltr'><strong>omnium</strong></span> <span class='ocrx_word' id='word_1_178' title='bbox 1276 3667 1358 3709; x_wconf 92' lang='lat' dir='ltr'><strong>eo</strong></span> <span class='ocrx_word' id='word_1_179' title='bbox 1399 3644 1867 3731; x_wconf 86' lang='lat' dir='ltr'><strong>pertinentium</strong></span> <span class='ocrx_word' id='word_1_180' title='bbox 1914 3644 2069 3706; x_wconf 87' lang='lat' dir='ltr'><strong>soli·</strong></span> 
     </span>
     <span class='ocr_line' id='line_1_33' title="bbox 531 3745 2065 3813; baseline -0.002 -2"><span class='ocrx_word' id='word_1_181' title='bbox 531 3750 613 3811; x_wconf 84' lang='lat' dir='ltr'><strong>da</strong></span> <span class='ocrx_word' id='word_1_182' title='bbox 670 3749 964 3813; x_wconf 79' lang='lat' dir='ltr'><strong>scientia.</strong></span> <span class='ocrx_word' id='word_1_183' title='bbox 1031 3749 1128 3812; x_wconf 70' lang='lat' dir='ltr'><strong>si</strong></span> <span class='ocrx_word' id='word_1_184' title='bbox 1185 3749 1475 3811; x_wconf 83' lang='lat' dir='ltr'><strong>novisset</strong></span> <span class='ocrx_word' id='word_1_185' title='bbox 1516 3767 1749 3809; x_wconf 85' lang='lat' dir='ltr'><strong>numos</strong></span> <span class='ocrx_word' id='word_1_186' title='bbox 1792 3745 2065 3809; x_wconf 86' lang='lat' dir='ltr'><strong>aliarum</strong></span> 
     </span>
     <span class='ocr_line' id='line_1_34' title="bbox 533 3848 2066 3932; baseline -0.003 -18"><span class='ocrx_word' id='word_1_187' title='bbox 533 3849 850 3925; x_wconf 77' lang='lat' dir='ltr'><strong>Graeciae</strong></span> <span class='ocrx_word' id='word_1_188' title='bbox 923 3850 1296 3925; x_wconf 77' lang='lat' dir='ltr'><strong>civitatum,</strong></span> <span class='ocrx_word' id='word_1_189' title='bbox 1356 3849 1628 3912; x_wconf 79' lang='lat' dir='ltr'><strong>vidisset</strong></span> <span class='ocrx_word' id='word_1_190' title='bbox 1679 3848 1943 3932; x_wconf 85' lang='lat' dir='ltr'><strong>utique,</strong></span> <span class='ocrx_word' id='word_1_191' title='bbox 1997 3848 2066 3909; x_wconf 88' lang='lat' dir='ltr'><strong>in</strong></span> 
     </span>
     <span class='ocr_line' id='line_1_35' title="bbox 507 3949 2063 4017; baseline -0.001 -6"><span class='ocrx_word' id='word_1_192' title='bbox 507 3954 746 4014; x_wconf 72' lang='lat' dir='ltr'><strong>,numia</strong></span> <span class='ocrx_word' id='word_1_193' title='bbox 832 3967 1133 4016; x_wconf 84' lang='lat' dir='ltr'><strong>monetae</strong></span> <span class='ocrx_word' id='word_1_194' title='bbox 1206 3954 1459 4017; x_wconf 79' lang='lat' dir='ltr'><strong>Atticae</strong></span> <span class='ocrx_word' id='word_1_195' title='bbox 1537 3949 1797 4016; x_wconf 76' lang='lat' dir='ltr'><strong>coaevis</strong></span> <span class='ocrx_word' id='word_1_196' title='bbox 1870 3950 2063 4012; x_wconf 86' lang='lat' dir='ltr'><strong>etiam</strong></span> 
     </span>
     <span class='ocr_line' id='line_1_36' title="bbox 535 4051 2076 4145; baseline 0 -30"><span class='ocrx_word' id='word_1_197' title='bbox 535 4054 1063 4121; x_wconf 85' lang='lat' dir='ltr'><strong>tenuissimorum</strong></span> <span class='ocrx_word' id='word_1_198' title='bbox 1119 4051 1513 4138; x_wconf 78' lang='lat' dir='ltr'><strong>oppidorum</strong></span> <span class='ocrx_word' id='word_1_199' title='bbox 1555 4072 1688 4115; x_wconf 88' lang='lat' dir='ltr'><strong>uon</strong></span> <span class='ocrx_word' id='word_1_200' title='bbox 1734 4052 1933 4116; x_wconf 87' lang='lat' dir='ltr'><strong>modo</strong></span> <span class='ocrx_word' id='word_1_201' title='bbox 1972 4052 2076 4145; x_wconf 45' lang='lat' dir='ltr'><strong>u.-</strong></span> 
     </span>
    </p>
   </div>
   <div class='ocr_carea' id='block_1_5' title="bbox 2135 383 3657 520">
    <p class='ocr_par' dir='ltr' id='par_1_5' title="bbox 2135 383 3657 520">
     <span class='ocr_line' id='line_1_37' title="bbox 2135 383 3657 520; baseline 0.005 -12"><span class='ocrx_word' id='word_1_202' title='bbox 2135 438 2167 508; x_wconf 92' lang='lat'>1</span> <span class='ocrx_word' id='word_1_203' title='bbox 2269 436 2328 509; x_wconf 92' lang='lat' dir='ltr'>C</span> <span class='ocrx_word' id='word_1_204' title='bbox 2429 439 2515 510; x_wconf 84' lang='lat' dir='ltr'><strong>A.</strong></span> <span class='ocrx_word' id='word_1_205' title='bbox 3444 383 3657 520; x_wconf 22' lang='lat'><strong>*2111</strong></span> 
     </span>
    </p>
   </div>
   <div class='ocr_carea' id='block_1_6' title="bbox 2133 605 3756 4138">
    <p class='ocr_par' dir='ltr' id='par_1_6' title="bbox 2133 605 3756 4138">
     <span class='ocr_line' id='line_1_38' title="bbox 2133 605 3673 689; baseline 0.001 -21"><span class='ocrx_word' id='word_1_206' title='bbox 2133 606 2456 671; x_wconf 74' lang='lat' dir='ltr'><strong>Graeciae</strong></span> <span class='ocrx_word' id='word_1_207' title='bbox 2499 621 2566 669; x_wconf 86' lang='lat' dir='ltr'><strong>et</strong></span> <span class='ocrx_word' id='word_1_208' title='bbox 2604 605 2909 681; x_wconf 76' lang='lat' dir='ltr'><strong>Siciliae,</strong></span> <span class='ocrx_word' id='word_1_209' title='bbox 2952 607 3067 668; x_wconf 90' lang='lat' dir='ltr'><strong>sed</strong></span> <span class='ocrx_word' id='word_1_210' title='bbox 3115 620 3183 671; x_wconf 89' lang='lat' dir='ltr'><strong>et</strong></span> <span class='ocrx_word' id='word_1_211' title='bbox 3211 607 3507 689; x_wconf 87' lang='lat' dir='ltr'><strong>reliquae</strong></span> <span class='ocrx_word' id='word_1_212' title='bbox 3541 609 3673 670; x_wconf 87' lang='lat' dir='ltr'><strong>Eu-</strong></span> 
     </span>
     <span class='ocr_line' id='line_1_39' title="bbox 2133 707 3677 794; baseline 0 -21"><span class='ocrx_word' id='word_1_213' title='bbox 2133 729 2369 793; x_wconf 79' lang='lat' dir='ltr'><strong>ropae,</strong></span> <span class='ocrx_word' id='word_1_214' title='bbox 2416 709 2647 782; x_wconf 81' lang='lat' dir='ltr'><strong>Asiae,</strong></span> <span class='ocrx_word' id='word_1_215' title='bbox 2693 707 2986 783; x_wconf 79' lang='lat' dir='ltr'><strong>Africae,</strong></span> <span class='ocrx_word' id='word_1_216' title='bbox 3030 729 3114 770; x_wconf 90' lang='lat' dir='ltr'><strong>ne</strong></span> <span class='ocrx_word' id='word_1_217' title='bbox 3167 708 3429 794; x_wconf 89' lang='lat' dir='ltr'><strong>quidem</strong></span> <span class='ocrx_word' id='word_1_218' title='bbox 3488 728 3677 774; x_wconf 83' lang='lat' dir='ltr'><strong>exee-</strong></span> 
     </span>
     <span class='ocr_line' id='line_1_40' title="bbox 2135 810 3678 894; baseline 0.003 -24"><span class='ocrx_word' id='word_1_219' title='bbox 2135 811 2263 894; x_wconf 85' lang='lat' dir='ltr'><strong>ptis</strong></span> <span class='ocrx_word' id='word_1_220' title='bbox 2297 812 2760 892; x_wconf 25' lang='lat' dir='ltr'><strong>Acarnanibu-s,</strong></span> <span class='ocrx_word' id='word_1_221' title='bbox 2806 810 3119 893; x_wconf 82' lang='lat' dir='ltr'><strong>Epirotis,</strong></span> <span class='ocrx_word' id='word_1_222' title='bbox 3166 811 3422 884; x_wconf 81' lang='lat' dir='ltr'><strong>Locris,</strong></span> <span class='ocrx_word' id='word_1_223' title='bbox 3461 810 3678 874; x_wconf 86' lang='lat' dir='ltr'><strong>Boeo-</strong></span> 
     </span>
     <span class='ocr_line' id='line_1_41' title="bbox 2138 910 3677 995; baseline -0.001 -20"><span class='ocrx_word' id='word_1_224' title='bbox 2138 914 2258 987; x_wconf 88' lang='lat' dir='ltr'><strong>tis,</strong></span> <span class='ocrx_word' id='word_1_225' title='bbox 2323 910 2726 986; x_wconf 79' lang='lat' dir='ltr'><strong>Thracibus,</strong></span> <span class='ocrx_word' id='word_1_226' title='bbox 2775 911 3097 995; x_wconf 75' lang='lat' dir='ltr'><strong>Siphniis‚</strong></span> <span class='ocrx_word' id='word_1_227' title='bbox 3145 911 3506 995; x_wconf 85' lang='lat' dir='ltr'><strong>Seriphiis,</strong></span> <span class='ocrx_word' id='word_1_228' title='bbox 3550 911 3677 993; x_wconf 81' lang='lat' dir='ltr'><strong>Cy-</strong></span> 
     </span>
     <span class='ocr_line' id='line_1_42' title="bbox 2136 997 3707 1095; baseline 0.001 -21"><span class='ocrx_word' id='word_1_229' title='bbox 2136 1014 2393 1075; x_wconf 87' lang='lat' dir='ltr'><strong>renaeis</strong></span> <span class='ocrx_word' id='word_1_230' title='bbox 2467 1028 2596 1077; x_wconf 71' lang='lat' dir='ltr'><strong>etc,</strong></span> <span class='ocrx_word' id='word_1_231' title='bbox 2673 1033 2989 1088; x_wconf 77' lang='lat' dir='ltr'><strong>summam</strong></span> <span class='ocrx_word' id='word_1_232' title='bbox 3054 1010 3463 1095; x_wconf 84' lang='lat' dir='ltr'><strong>deprehendi</strong></span> <span class='ocrx_word' id='word_1_233' title='bbox 3518 997 3707 1078; x_wconf 19' lang='lat' dir='ltr'><strong>artis·</strong></span> 
     </span>
     <span class='ocr_line' id='line_1_43' title="bbox 2139 1114 3672 1198; baseline 0.005 -24"><span class='ocrx_word' id='word_1_234' title='bbox 2139 1114 2637 1198; x_wconf 77' lang='lat' dir='ltr'><strong>perfectionem.</strong></span> <span class='ocrx_word' id='word_1_235' title='bbox 2753 1115 2935 1193; x_wconf 87' lang='lat' dir='ltr'><strong>Ergo</strong></span> <span class='ocrx_word' id='word_1_236' title='bbox 3023 1114 3320 1190; x_wconf 76' lang='lat' dir='ltr'><strong>civitates</strong></span> <span class='ocrx_word' id='word_1_237' title='bbox 3418 1136 3672 1192; x_wconf 87' lang='lat' dir='ltr'><strong>omues,</strong></span> 
     </span>
     <span class='ocr_line' id='line_1_44' title="bbox 2137 1213 3675 1299; baseline 0.003 -22"><span class='ocrx_word' id='word_1_238' title='bbox 2137 1231 2706 1299; x_wconf 81' lang='lat' dir='ltr'><strong>quantumcunque</strong></span> <span class='ocrx_word' id='word_1_239' title='bbox 2769 1213 3100 1288; x_wconf 84' lang='lat' dir='ltr'><strong>modicae,</strong></span> <span class='ocrx_word' id='word_1_240' title='bbox 3146 1231 3215 1278; x_wconf 89' lang='lat' dir='ltr'><strong>et</strong></span> <span class='ocrx_word' id='word_1_241' title='bbox 3255 1217 3367 1279; x_wconf 81' lang='lat' dir='ltr'><strong>vix</strong></span> <span class='ocrx_word' id='word_1_242' title='bbox 3410 1220 3675 1281; x_wconf 85' lang='lat' dir='ltr'><strong>nomine</strong></span> 
     </span>
     <span class='ocr_line' id='line_1_45' title="bbox 2138 1316 3676 1401; baseline 0.002 -20"><span class='ocrx_word' id='word_1_243' title='bbox 2138 1318 2472 1401; x_wconf 81' lang='lat' dir='ltr'><strong>cognitae,</strong></span> <span class='ocrx_word' id='word_1_244' title='bbox 2531 1317 2742 1399; x_wconf 83' lang='lat' dir='ltr'><strong>qualis</strong></span> <span class='ocrx_word' id='word_1_245' title='bbox 2806 1316 2928 1377; x_wconf 83' lang='lat' dir='ltr'><strong>fuit</strong></span> <span class='ocrx_word' id='word_1_246' title='bbox 2977 1338 3038 1382; x_wconf 69' lang='lat' dir='ltr'><strong>v.</strong></span> <span class='ocrx_word' id='word_1_247' title='bbox 3085 1340 3149 1400; x_wconf 79' lang='lat' dir='ltr'><strong>g.</strong></span> <span class='ocrx_word' id='word_1_248' title='bbox 3195 1317 3474 1399; x_wconf 86' lang='lat' dir='ltr'><strong>Sybritia</strong></span> <span class='ocrx_word' id='word_1_249' title='bbox 3521 1321 3676 1383; x_wconf 81' lang='lat' dir='ltr'><strong>Cre·</strong></span> 
     </span>
     <span class='ocr_line' id='line_1_46' title="bbox 2137 1402 3756 1499; baseline 0.002 -20"><span class='ocrx_word' id='word_1_250' title='bbox 2137 1431 2279 1491; x_wconf 87' lang='lat' dir='ltr'><strong>tae,</strong></span> <span class='ocrx_word' id='word_1_251' title='bbox 2327 1415 2491 1479; x_wconf 88' lang='lat' dir='ltr'><strong>adeo</strong></span> <span class='ocrx_word' id='word_1_252' title='bbox 2534 1416 2724 1478; x_wconf 84' lang='lat' dir='ltr'><strong>fuere</strong></span> <span class='ocrx_word' id='word_1_253' title='bbox 2770 1416 3133 1499; x_wconf 78' lang='lat' dir='ltr'><strong>elegantiae</strong></span> <span class='ocrx_word' id='word_1_254' title='bbox 3192 1415 3562 1497; x_wconf 80' lang='lat' dir='ltr'><strong>studiosae,</strong></span> <span class='ocrx_word' id='word_1_255' title='bbox 3610 1434 3680 1482; x_wconf 83' lang='lat' dir='ltr'><strong>ut</strong></span> <span class='ocrx_word' id='word_1_256' title='bbox 3746 1402 3756 1414; x_wconf 59' lang='grc'><strong><em>’</em></strong></span> 
     </span>
     <span class='ocr_line' id='line_1_47' title="bbox 2138 1509 3675 1605; baseline 0.005 -26"><span class='ocrx_word' id='word_1_257' title='bbox 2138 1538 2245 1579; x_wconf 90' lang='lat' dir='ltr'><strong>eas</strong></span> <span class='ocrx_word' id='word_1_258' title='bbox 2305 1509 2438 1580; x_wconf 83' lang='lat' dir='ltr'><strong>no&#39;n</strong></span> <span class='ocrx_word' id='word_1_259' title='bbox 2482 1517 2930 1579; x_wconf 81' lang='lat' dir='ltr'><strong>absterrerent</strong></span> <span class='ocrx_word' id='word_1_260' title='bbox 2975 1532 3270 1603; x_wconf 85' lang='lat' dir='ltr'><strong>sumptus</strong></span> <span class='ocrx_word' id='word_1_261' title='bbox 3313 1521 3377 1582; x_wconf 88' lang='lat' dir='ltr'><strong>in</strong></span> <span class='ocrx_word' id='word_1_262' title='bbox 3421 1522 3675 1605; x_wconf 85' lang='lat' dir='ltr'><strong>peritos</strong></span> 
     </span>
     <span class='ocr_line' id='line_1_48' title="bbox 2137 1616 3676 1696; baseline 0.002 -15"><span class='ocrx_word' id='word_1_263' title='bbox 2137 1616 2423 1681; x_wconf 81' lang='lat' dir='ltr'><strong>artifices</strong></span> <span class='ocrx_word' id='word_1_264' title='bbox 2468 1617 2791 1694; x_wconf 83' lang='lat' dir='ltr'><strong>faciendi,</strong></span> <span class='ocrx_word' id='word_1_265' title='bbox 2852 1620 3003 1681; x_wconf 86' lang='lat' dir='ltr'><strong>illae</strong></span> <span class='ocrx_word' id='word_1_266' title='bbox 3051 1640 3211 1694; x_wconf 76' lang='lat' dir='ltr'><strong>vero</strong></span> <span class='ocrx_word' id='word_1_267' title='bbox 3254 1622 3550 1684; x_wconf 81' lang='lat' dir='ltr'><strong>Athenae</strong></span> <span class='ocrx_word' id='word_1_268' title='bbox 3592 1623 3676 1696; x_wconf 74' lang='lat' dir='ltr'><strong>ab</strong></span> 
     </span>
     <span class='ocr_line' id='line_1_49' title="bbox 2139 1716 3676 1808; baseline 0.001 -25"><span class='ocrx_word' id='word_1_269' title='bbox 2139 1729 2412 1801; x_wconf 73' lang='lat' dir='ltr'><strong>operum</strong></span> <span class='ocrx_word' id='word_1_270' title='bbox 2491 1716 3003 1800; x_wconf 81' lang='lat' dir='ltr'><strong>magnificentia,</strong></span> <span class='ocrx_word' id='word_1_271' title='bbox 3088 1733 3156 1783; x_wconf 87' lang='lat' dir='ltr'><strong>et</strong></span> <span class='ocrx_word' id='word_1_272' title='bbox 3229 1720 3676 1808; x_wconf 86' lang='lat' dir='ltr'><strong>cujuscunque</strong></span> 
     </span>
     <span class='ocr_line' id='line_1_50' title="bbox 2135 1820 3679 1907; baseline 0.001 -22"><span class='ocrx_word' id='word_1_273' title='bbox 2135 1822 2294 1885; x_wconf 80' lang='lat' dir='ltr'><strong>artis</strong></span> <span class='ocrx_word' id='word_1_274' title='bbox 2353 1820 2583 1883; x_wconf 89' lang='lat' dir='ltr'><strong>studiis</strong></span> <span class='ocrx_word' id='word_1_275' title='bbox 2648 1823 2815 1885; x_wconf 89' lang='lat' dir='ltr'><strong>adeo</strong></span> <span class='ocrx_word' id='word_1_276' title='bbox 2873 1822 3171 1885; x_wconf 84' lang='lat' dir='ltr'><strong>laudatae</strong></span> <span class='ocrx_word' id='word_1_277' title='bbox 3245 1823 3679 1907; x_wconf 82' lang='lat' dir='ltr'><strong>cognitaeque</strong></span> 
     </span>
     <span class='ocr_line' id='line_1_51' title="bbox 2139 1920 3725 1986; baseline 0.003 -7"><span class='ocrx_word' id='word_1_278' title='bbox 2139 1920 2202 1982; x_wconf 90' lang='lat' dir='ltr'><strong>in</strong></span> <span class='ocrx_word' id='word_1_279' title='bbox 2267 1941 2392 1984; x_wconf 87' lang='lat' dir='ltr'><strong>una</strong></span> <span class='ocrx_word' id='word_1_280' title='bbox 2450 1923 2548 1984; x_wconf 90' lang='lat' dir='ltr'><strong>rei</strong></span> <span class='ocrx_word' id='word_1_281' title='bbox 2609 1925 3007 1985; x_wconf 82' lang='lat' dir='ltr'><strong>monetariae</strong></span> <span class='ocrx_word' id='word_1_282' title='bbox 3068 1943 3254 1986; x_wconf 84' lang='lat' dir='ltr'><strong>causa</strong></span> <span class='ocrx_word' id='word_1_283' title='bbox 3312 1935 3442 1984; x_wconf 84' lang='lat' dir='ltr'><strong>tam</strong></span> <span class='ocrx_word' id='word_1_284' title='bbox 3488 1923 3725 1986; x_wconf 60' lang='lat' dir='ltr'><strong>fuere‘</strong></span> 
     </span>
     <span class='ocr_line' id='line_1_52' title="bbox 2140 2013 3680 2107; baseline -0.001 -22"><span class='ocrx_word' id='word_1_285' title='bbox 2140 2023 2316 2086; x_wconf 87' lang='lat' dir='ltr'><strong>omni</strong></span> <span class='ocrx_word' id='word_1_286' title='bbox 2346 2036 2574 2086; x_wconf 73' lang='lat' dir='ltr'><strong>aetate</strong></span> <span class='ocrx_word' id='word_1_287' title='bbox 2622 2013 2853 2107; x_wconf 78' lang='lat' dir='ltr'><strong>parcae</strong></span> <span class='ocrx_word' id='word_1_288' title='bbox 2901 2036 2963 2085; x_wconf 89' lang='lat' dir='ltr'><strong>et</strong></span> <span class='ocrx_word' id='word_1_289' title='bbox 3009 2022 3420 2085; x_wconf 82' lang='lat' dir='ltr'><strong>illiberales?</strong></span> <span class='ocrx_word' id='word_1_290' title='bbox 3499 2024 3680 2085; x_wconf 84' lang='lat' dir='ltr'><strong>Istud</strong></span> 
     </span>
     <span class='ocr_line' id='line_1_53' title="bbox 2142 2123 3677 2212; baseline -0.003 -22"><span class='ocrx_word' id='word_1_291' title='bbox 2142 2143 2209 2192; x_wconf 85' lang='lat' dir='ltr'><strong>ut</strong></span> <span class='ocrx_word' id='word_1_292' title='bbox 2271 2127 2575 2200; x_wconf 82' lang='lat' dir='ltr'><strong>credam,</strong></span> <span class='ocrx_word' id='word_1_293' title='bbox 2634 2145 2960 2208; x_wconf 80' lang='lat' dir='ltr'><strong>nunquam</strong></span> <span class='ocrx_word' id='word_1_294' title='bbox 3020 2127 3089 2187; x_wconf 90' lang='lat' dir='ltr'><strong>in</strong></span> <span class='ocrx_word' id='word_1_295' title='bbox 3151 2128 3433 2212; x_wconf 83' lang='lat' dir='ltr'><strong>animum</strong></span> <span class='ocrx_word' id='word_1_296' title='bbox 3496 2123 3677 2190; x_wconf 87' lang='lat' dir='ltr'><strong>indu·</strong></span> 
     </span>
     <span class='ocr_line' id='line_1_54' title="bbox 2138 2225 3680 2310; baseline -0.001 -18"><span class='ocrx_word' id='word_1_297' title='bbox 2138 2248 2342 2303; x_wconf 80' lang='lat' dir='ltr'><strong>xero,</strong></span> <span class='ocrx_word' id='word_1_298' title='bbox 2407 2242 2473 2289; x_wconf 92' lang='lat' dir='ltr'><strong>et</strong></span> <span class='ocrx_word' id='word_1_299' title='bbox 2530 2245 2615 2289; x_wconf 88' lang='lat' dir='ltr'><strong>ne</strong></span> <span class='ocrx_word' id='word_1_300' title='bbox 2670 2238 2805 2288; x_wconf 81' lang='lat' dir='ltr'><strong>tum</strong></span> <span class='ocrx_word' id='word_1_301' title='bbox 2868 2226 3171 2310; x_wconf 87' lang='lat' dir='ltr'><strong>quidem,</strong></span> <span class='ocrx_word' id='word_1_302' title='bbox 3234 2227 3290 2288; x_wconf 87' lang='lat' dir='ltr'><strong>si</strong></span> <span class='ocrx_word' id='word_1_303' title='bbox 3331 2225 3511 2289; x_wconf 90' lang='lat' dir='ltr'><strong>nulla</strong></span> <span class='ocrx_word' id='word_1_304' title='bbox 3555 2227 3680 2290; x_wconf 85' lang='lat' dir='ltr'><strong>alia</strong></span> 
     </span>
     <span class='ocr_line' id='line_1_55' title="bbox 2140 2327 3686 2414; baseline -0.002 -23"><span class='ocrx_word' id='word_1_305' title='bbox 2140 2341 2520 2414; x_wconf 71' lang='lat' dir='ltr'><strong>superesset</strong></span> <span class='ocrx_word' id='word_1_306' title='bbox 2565 2327 3004 2411; x_wconf 86' lang='lat' dir='ltr'><strong>reperiundae</strong></span> <span class='ocrx_word' id='word_1_307' title='bbox 3048 2347 3279 2392; x_wconf 85' lang='lat' dir='ltr'><strong>causae</strong></span> <span class='ocrx_word' id='word_1_308' title='bbox 3314 2329 3416 2392; x_wconf 84' lang='lat' dir='ltr'><strong>via</strong></span> <span class='ocrx_word' id='word_1_309' title='bbox 3484 2329 3686 2391; x_wconf 85' lang='lat' dir='ltr'><strong>Forte</strong></span> 
     </span>
     <span class='ocr_line' id='line_1_56' title="bbox 2141 2427 3689 2501; baseline 0.002 -11"><span class='ocrx_word' id='word_1_310' title='bbox 2141 2450 2273 2491; x_wconf 89' lang='lat' dir='ltr'><strong>non</strong></span> <span class='ocrx_word' id='word_1_311' title='bbox 2334 2449 2684 2501; x_wconf 86' lang='lat' dir='ltr'><strong>erravero,</strong></span> <span class='ocrx_word' id='word_1_312' title='bbox 2747 2430 2801 2490; x_wconf 89' lang='lat' dir='ltr'><strong>si</strong></span> <span class='ocrx_word' id='word_1_313' title='bbox 2859 2428 3018 2491; x_wconf 89' lang='lat' dir='ltr'><strong>artis</strong></span> <span class='ocrx_word' id='word_1_314' title='bbox 3062 2427 3394 2493; x_wconf 81' lang='lat' dir='ltr'><strong>defectum</strong></span> <span class='ocrx_word' id='word_1_315' title='bbox 3437 2432 3508 2491; x_wconf 81' lang='lat' dir='ltr'><strong>in</strong></span> <span class='ocrx_word' id='word_1_316' title='bbox 3551 2451 3689 2494; x_wconf 88' lang='lat' dir='ltr'><strong>mo-</strong></span> 
     </span>
     <span class='ocr_line' id='line_1_57' title="bbox 2141 2527 3688 2616; baseline 0.003 -26"><span class='ocrx_word' id='word_1_317' title='bbox 2141 2531 2293 2593; x_wconf 80' lang='lat' dir='ltr'><strong>neta‘</strong></span> <span class='ocrx_word' id='word_1_318' title='bbox 2364 2528 2679 2615; x_wconf 83' lang='lat' dir='ltr'><strong>principis</strong></span> <span class='ocrx_word' id='word_1_319' title='bbox 2743 2527 3061 2592; x_wconf 86' lang='lat' dir='ltr'><strong>Graeciae</strong></span> <span class='ocrx_word' id='word_1_320' title='bbox 3131 2530 3365 2614; x_wconf 82' lang='lat' dir='ltr'><strong>populi</strong></span> <span class='ocrx_word' id='word_1_321' title='bbox 3435 2550 3570 2593; x_wconf 89' lang='lat' dir='ltr'><strong>non</strong></span> <span class='ocrx_word' id='word_1_322' title='bbox 3634 2553 3688 2616; x_wconf 31' lang='lat' dir='ltr'><strong>&#39;a</strong></span> 
     </span>
     <span class='ocr_line' id='line_1_58' title="bbox 2143 2628 3677 2720; baseline -0.002 -26"><span class='ocrx_word' id='word_1_323' title='bbox 2143 2631 2408 2694; x_wconf 82' lang='lat' dir='ltr'><strong>sordida</strong></span> <span class='ocrx_word' id='word_1_324' title='bbox 2477 2628 2902 2713; x_wconf 85' lang='lat' dir='ltr'><strong>parsimonia,</strong></span> <span class='ocrx_word' id='word_1_325' title='bbox 2937 2628 3093 2720; x_wconf 58' lang='lat' dir='ltr'><strong>⁸sed</strong></span> <span class='ocrx_word' id='word_1_326' title='bbox 3151 2644 3336 2693; x_wconf 88' lang='lat' dir='ltr'><strong>certo</strong></span> <span class='ocrx_word' id='word_1_327' title='bbox 3397 2629 3677 2695; x_wconf 84' lang='lat' dir='ltr'><strong>consilio</strong></span> 
     </span>
     <span class='ocr_line' id='line_1_59' title="bbox 2139 2730 3689 2815; baseline -0.001 -22"><span class='ocrx_word' id='word_1_328' title='bbox 2139 2730 2571 2815; x_wconf 87' lang='lat' dir='ltr'><strong>repetendum</strong></span> <span class='ocrx_word' id='word_1_329' title='bbox 2619 2730 2942 2793; x_wconf 79' lang='lat' dir='ltr'><strong>existimo.</strong></span> <span class='ocrx_word' id='word_1_330' title='bbox 3032 2730 3333 2808; x_wconf 14' lang='lat' dir='ltr'><strong>Minores,</strong></span> <span class='ocrx_word' id='word_1_331' title='bbox 3381 2732 3540 2803; x_wconf 81' lang='lat' dir='ltr'><strong>alias</strong></span> <span class='ocrx_word' id='word_1_332' title='bbox 3598 2733 3689 2794; x_wconf 88' lang='lat' dir='ltr'><strong>ci·-</strong></span> 
     </span>
     <span class='ocr_line' id='line_1_60' title="bbox 2142 2829 3682 2918; baseline 0.001 -27"><span class='ocrx_word' id='word_1_333' title='bbox 2142 2833 2408 2906; x_wconf 83' lang='lat' dir='ltr'><strong>vitates,</strong></span> <span class='ocrx_word' id='word_1_334' title='bbox 2484 2849 2890 2918; x_wconf 86' lang='lat' dir='ltr'><strong>quarumque</strong></span> <span class='ocrx_word' id='word_1_335' title='bbox 2953 2829 3303 2915; x_wconf 81' lang='lat' dir='ltr'><strong>imperium</strong></span> <span class='ocrx_word' id='word_1_336' title='bbox 3365 2833 3505 2915; x_wconf 86' lang='lat' dir='ltr'><strong>agri</strong></span> <span class='ocrx_word' id='word_1_337' title='bbox 3582 2834 3682 2894; x_wconf 88' lang='lat' dir='ltr'><strong>sui</strong></span> 
     </span>
     <span class='ocr_line' id='line_1_61' title="bbox 2140 2931 3681 3021; baseline 0.001 -25"><span class='ocrx_word' id='word_1_338' title='bbox 2140 2932 2379 2997; x_wconf 82' lang='lat' dir='ltr'><strong>finibus</strong></span> <span class='ocrx_word' id='word_1_339' title='bbox 2437 2934 3008 3021; x_wconf 77' lang='lat' dir='ltr'><strong>circumscriptum</strong></span> <span class='ocrx_word' id='word_1_340' title='bbox 3063 2931 3237 3019; x_wconf 62' lang='lat' dir='ltr'><strong>fuit,</strong></span> <span class='ocrx_word' id='word_1_341' title='bbox 3277 2955 3402 3016; x_wconf 88' lang='lat' dir='ltr'><strong>pro</strong></span> <span class='ocrx_word' id='word_1_342' title='bbox 3445 2935 3681 2998; x_wconf 88' lang='lat' dir='ltr'><strong>artium</strong></span> 
     </span>
     <span class='ocr_line' id='line_1_62' title="bbox 2142 3024 3691 3118; baseline 0.001 -20"><span class='ocrx_word' id='word_1_343' title='bbox 2142 3036 2316 3118; x_wconf 82' lang='lat' dir='ltr'><strong>apud</strong></span> <span class='ocrx_word' id='word_1_344' title='bbox 2371 3055 2443 3099; x_wconf 89' lang='lat' dir='ltr'><strong>se</strong></span> <span class='ocrx_word' id='word_1_345' title='bbox 2498 3053 2859 3118; x_wconf 79' lang='lat' dir='ltr'><strong>progressu</strong></span> <span class='ocrx_word' id='word_1_346' title='bbox 2905 3024 3109 3109; x_wconf 72' lang='lat' dir='ltr'><strong>etiam,</strong></span> <span class='ocrx_word' id='word_1_347' title='bbox 3144 3038 3508 3118; x_wconf 72' lang='lat' dir='ltr'><strong>elegantiae</strong></span> <span class='ocrx_word' id='word_1_348' title='bbox 3551 3056 3691 3099; x_wconf 89' lang='lat' dir='ltr'><strong>mo·</strong></span> 
     </span>
     <span class='ocr_line' id='line_1_63' title="bbox 2141 3136 3690 3225; baseline -0.001 -25"><span class='ocrx_word' id='word_1_349' title='bbox 2141 3153 2334 3200; x_wconf 85' lang='lat' dir='ltr'><strong>netae</strong></span> <span class='ocrx_word' id='word_1_350' title='bbox 2421 3157 2574 3199; x_wconf 85' lang='lat' dir='ltr'><strong>suae</strong></span> <span class='ocrx_word' id='word_1_351' title='bbox 2648 3136 3007 3221; x_wconf 78' lang='lat' dir='ltr'><strong>studuisse,</strong></span> <span class='ocrx_word' id='word_1_352' title='bbox 3094 3157 3500 3225; x_wconf 85' lang='lat' dir='ltr'><strong>nequaquam</strong></span> <span class='ocrx_word' id='word_1_353' title='bbox 3571 3137 3690 3201; x_wconf 88' lang='lat' dir='ltr'><strong>mi-</strong></span> 
     </span>
     <span class='ocr_line' id='line_1_64' title="bbox 2141 3238 3687 3325; baseline -0.001 -23"><span class='ocrx_word' id='word_1_354' title='bbox 2141 3261 2323 3315; x_wconf 84' lang='lat' dir='ltr'><strong>rum,</strong></span> <span class='ocrx_word' id='word_1_355' title='bbox 2385 3239 2537 3325; x_wconf 88' lang='lat' dir='ltr'><strong>quia</strong></span> <span class='ocrx_word' id='word_1_356' title='bbox 2594 3238 2735 3317; x_wconf 76' lang='lat' dir='ltr'><strong>eius</strong></span> <span class='ocrx_word' id='word_1_357' title='bbox 2778 3258 2936 3305; x_wconf 83' lang='lat' dir='ltr'><strong>usus</strong></span> <span class='ocrx_word' id='word_1_358' title='bbox 2977 3238 3044 3315; x_wconf 85' lang='lat' dir='ltr'><strong>in</strong></span> <span class='ocrx_word' id='word_1_359' title='bbox 3086 3258 3309 3301; x_wconf 84' lang='lat' dir='ltr'><strong>rerum</strong></span> <span class='ocrx_word' id='word_1_360' title='bbox 3357 3238 3687 3303; x_wconf 81' lang='lat' dir='ltr'><strong>venalium</strong></span> 
     </span>
     <span class='ocr_line' id='line_1_65' title="bbox 2142 3339 3683 3424; baseline 0.001 -21"><span class='ocrx_word' id='word_1_361' title='bbox 2142 3340 2291 3406; x_wconf 80' lang='lat' dir='ltr'><strong>foro</strong></span> <span class='ocrx_word' id='word_1_362' title='bbox 2347 3362 2407 3417; x_wconf 64' lang='lat' dir='ltr'><strong>,a</strong></span> <span class='ocrx_word' id='word_1_363' title='bbox 2475 3339 2858 3422; x_wconf 85' lang='lat' dir='ltr'><strong>magistratu</strong></span> <span class='ocrx_word' id='word_1_364' title='bbox 2928 3341 3239 3422; x_wconf 86' lang='lat' dir='ltr'><strong>imperari</strong></span> <span class='ocrx_word' id='word_1_365' title='bbox 3293 3340 3540 3424; x_wconf 86' lang='lat' dir='ltr'><strong>potuit,</strong></span> <span class='ocrx_word' id='word_1_366' title='bbox 3599 3344 3683 3404; x_wconf 86' lang='lat' dir='ltr'><strong>ad</strong></span> 
     </span>
     <span class='ocr_line' id='line_1_66' title="bbox 2139 3420 3684 3525; baseline -0.003 -19"><span class='ocrx_word' id='word_1_367' title='bbox 2139 3420 2398 3506; x_wconf 67' lang='lat' dir='ltr'><strong>exteras</strong></span> <span class='ocrx_word' id='word_1_368' title='bbox 2456 3456 2671 3504; x_wconf 91' lang='lat' dir='ltr'><strong>autem</strong></span> <span class='ocrx_word' id='word_1_369' title='bbox 2745 3432 3044 3501; x_wconf 84' lang='lat' dir='ltr'><strong>nationes</strong></span> <span class='ocrx_word' id='word_1_370' title='bbox 3108 3460 3179 3502; x_wconf 90' lang='lat' dir='ltr'><strong>se</strong></span> <span class='ocrx_word' id='word_1_371' title='bbox 3247 3459 3378 3502; x_wconf 89' lang='lat' dir='ltr'><strong>non</strong></span> <span class='ocrx_word' id='word_1_372' title='bbox 3454 3461 3684 3525; x_wconf 87' lang='lat' dir='ltr'><strong>porre-</strong></span> 
     </span>
     <span class='ocr_line' id='line_1_67' title="bbox 2137 3540 3688 3623; baseline 0.001 -17"><span class='ocrx_word' id='word_1_373' title='bbox 2137 3544 2254 3611; x_wconf 81' lang='lat' dir='ltr'><strong>xit.</strong></span> <span class='ocrx_word' id='word_1_374' title='bbox 2337 3543 2478 3607; x_wconf 81' lang='lat' dir='ltr'><strong>Alia</strong></span> <span class='ocrx_word' id='word_1_375' title='bbox 2559 3540 2687 3605; x_wconf 81' lang='lat' dir='ltr'><strong>fuit</strong></span> <span class='ocrx_word' id='word_1_376' title='bbox 2770 3554 3069 3604; x_wconf 86' lang='lat' dir='ltr'><strong>monetae</strong></span> <span class='ocrx_word' id='word_1_377' title='bbox 3154 3542 3449 3617; x_wconf 82' lang='lat' dir='ltr'><strong>Atticae.</strong></span> <span class='ocrx_word' id='word_1_378' title='bbox 3490 3545 3688 3623; x_wconf 79' lang='lat' dir='ltr'><strong>ratio,</strong></span> 
     </span>
     <span class='ocr_line' id='line_1_68' title="bbox 2137 3642 3684 3730; baseline 0.001 -24"><span class='ocrx_word' id='word_1_379' title='bbox 2137 3665 2303 3730; x_wconf 86' lang='lat' dir='ltr'><strong>quae</strong></span> <span class='ocrx_word' id='word_1_380' title='bbox 2363 3657 2637 3729; x_wconf 87' lang='lat' dir='ltr'><strong>propter</strong></span> <span class='ocrx_word' id='word_1_381' title='bbox 2691 3643 2943 3728; x_wconf 79' lang='lat' dir='ltr'><strong>copiam</strong></span> <span class='ocrx_word' id='word_1_382' title='bbox 3008 3655 3076 3705; x_wconf 80' lang='lat' dir='ltr'><strong>et</strong></span> <span class='ocrx_word' id='word_1_383' title='bbox 3133 3642 3391 3727; x_wconf 81' lang='lat' dir='ltr'><strong>argenti</strong></span> <span class='ocrx_word' id='word_1_384' title='bbox 3464 3644 3684 3727; x_wconf 85' lang='lat' dir='ltr'><strong>probi-</strong></span> 
     </span>
     <span class='ocr_line' id='line_1_69' title="bbox 2136 3743 3682 3811; baseline -0.001 -2"><span class='ocrx_word' id='word_1_385' title='bbox 2136 3760 2337 3811; x_wconf 89' lang='lat' dir='ltr'><strong>tatem</strong></span> <span class='ocrx_word' id='word_1_386' title='bbox 2415 3765 2546 3808; x_wconf 89' lang='lat' dir='ltr'><strong>uon</strong></span> <span class='ocrx_word' id='word_1_387' title='bbox 2638 3746 2836 3806; x_wconf 86' lang='lat' dir='ltr'><strong>modo</strong></span> <span class='ocrx_word' id='word_1_388' title='bbox 2927 3745 3291 3808; x_wconf 87' lang='lat' dir='ltr'><strong>communis</strong></span> <span class='ocrx_word' id='word_1_389' title='bbox 3360 3743 3682 3810; x_wconf 86' lang='lat' dir='ltr'><strong>Graeciae</strong></span> 
     </span>
     <span class='ocr_line' id='line_1_70' title="bbox 2140 3844 3680 3923; baseline -0.001 -12"><span class='ocrx_word' id='word_1_390' title='bbox 2140 3862 2402 3911; x_wconf 85' lang='lat' dir='ltr'><strong>moneta</strong></span> <span class='ocrx_word' id='word_1_391' title='bbox 2456 3846 2676 3913; x_wconf 78' lang='lat' dir='ltr'><strong>habita</strong></span> <span class='ocrx_word' id='word_1_392' title='bbox 2731 3844 2887 3923; x_wconf 78' lang='lat' dir='ltr'><strong>suit,</strong></span> <span class='ocrx_word' id='word_1_393' title='bbox 2950 3860 3023 3909; x_wconf 87' lang='lat' dir='ltr'><strong>ut</strong></span> <span class='ocrx_word' id='word_1_394' title='bbox 3082 3847 3476 3919; x_wconf 79' lang='lat' dir='ltr'><strong>diximus,in</strong></span> <span class='ocrx_word' id='word_1_395' title='bbox 3516 3849 3680 3910; x_wconf 89' lang='lat' dir='ltr'><strong>Pro-</strong></span> 
     </span>
     <span class='ocr_line' id='line_1_71' title="bbox 2139 3947 3679 4034; baseline -0.003 -22"><span class='ocrx_word' id='word_1_396' title='bbox 2139 3950 2512 4034; x_wconf 88' lang='lat' dir='ltr'><strong>legomenis</strong></span> <span class='ocrx_word' id='word_1_397' title='bbox 2566 3947 2984 4032; x_wconf 86' lang='lat' dir='ltr'><strong>generalibus</strong></span> <span class='ocrx_word' id='word_1_398' title='bbox 3039 3950 3253 4034; x_wconf 86' lang='lat' dir='ltr'><strong>capite</strong></span> <span class='ocrx_word' id='word_1_399' title='bbox 3312 3949 3514 4025; x_wconf 65' lang='lat' dir='ltr'><strong>XVI„</strong></span> <span class='ocrx_word' id='word_1_400' title='bbox 3559 3949 3679 4012; x_wconf 86' lang='lat' dir='ltr'><strong>sed</strong></span> 
     </span>
     <span class='ocr_line' id='line_1_72' title="bbox 2138 4049 3678 4138; baseline -0.003 -19"><span class='ocrx_word' id='word_1_401' title='bbox 2138 4050 2310 4138; x_wconf 69' lang='lat' dir='ltr'><strong>apud</strong></span> <span class='ocrx_word' id='word_1_402' title='bbox 2365 4049 2672 4116; x_wconf 83' lang='lat' dir='ltr'><strong>barbaras</strong></span> <span class='ocrx_word' id='word_1_403' title='bbox 2730 4050 2920 4112; x_wconf 89' lang='lat' dir='ltr'><strong>etiam</strong></span> <span class='ocrx_word' id='word_1_404' title='bbox 2978 4064 3210 4133; x_wconf 87' lang='lat' dir='ltr'><strong>gentes</strong></span> <span class='ocrx_word' id='word_1_405' title='bbox 3280 4070 3475 4115; x_wconf 88' lang='lat' dir='ltr'><strong>causa</strong></span> <span class='ocrx_word' id='word_1_406' title='bbox 3544 4051 3678 4115; x_wconf 79' lang='lat' dir='ltr'><strong>late</strong></span> 
     </span>
    </p>
   </div>
   <div class='ocr_carea' id='block_1_7' title="bbox 533 4315 3662 4343">
    <p class='ocr_par' dir='ltr' id='par_1_7' title="bbox 533 4315 3662 4343">
     <span class='ocr_line' id='line_1_73' title="bbox 533 4315 3662 4343; baseline 0 1507"><span class='ocrx_word' id='word_1_407' title='bbox 533 4315 3662 4343; x_wconf 95' lang='lat' dir='ltr'><strong> </strong></span> 
     </span>
    </p>
   </div>
   <div class='ocr_carea' id='block_1_8' title="bbox 758 4412 3529 4544">
    <p class='ocr_par' dir='ltr' id='par_1_8' title="bbox 758 4412 3529 4544">
     <span class='ocr_line' id='line_1_74' title="bbox 758 4412 3529 4544; baseline -0.001 -21"><span class='ocrx_word' id='word_1_408' title='bbox 758 4467 824 4538; x_wconf 72' lang='grc' dir='ltr'><strong>Ρ)</strong></span> <span class='ocrx_word' id='word_1_409' title='bbox 863 4464 939 4525; x_wconf 86' lang='lat' dir='ltr'><strong>ad</strong></span> <span class='ocrx_word' id='word_1_410' title='bbox 975 4463 1173 4524; x_wconf 80' lang='lat' dir='ltr'><strong>Rauaa</strong></span> <span class='ocrx_word' id='word_1_411' title='bbox 1207 4483 1268 4527; x_wconf 72' lang='lat' dir='ltr'><strong>v,</strong></span> <span class='ocrx_word' id='word_1_412' title='bbox 1306 4477 1431 4530; x_wconf 78' lang='lat'><strong>735.</strong></span> <span class='ocrx_word' id='word_1_413' title='bbox 1534 4467 1601 4539; x_wconf 85' lang='lat' dir='ltr'><strong>q)</strong></span> <span class='ocrx_word' id='word_1_414' title='bbox 1637 4464 1967 4526; x_wconf 71' lang='lat' dir='ltr'><strong>Rechercb.</strong></span> <span class='ocrx_word' id='word_1_415' title='bbox 2003 4426 2157 4544; x_wconf 80' lang='lat' dir='ltr'><strong>pbil.</strong></span> <span class='ocrx_word' id='word_1_416' title='bbox 2195 4481 2301 4523; x_wconf 85' lang='lat' dir='ltr'><strong>sur</strong></span> <span class='ocrx_word' id='word_1_417' title='bbox 2336 4461 2421 4524; x_wconf 84' lang='lat' dir='ltr'><strong>les</strong></span> <span class='ocrx_word' id='word_1_418' title='bbox 2463 4460 2648 4522; x_wconf 84' lang='lat' dir='ltr'><strong>Grecs</strong></span> <span class='ocrx_word' id='word_1_419' title='bbox 2682 4462 2751 4521; x_wconf 73' lang='lat' dir='ltr'><strong>T.</strong></span> <span class='ocrx_word' id='word_1_420' title='bbox 2780 4458 2830 4522; x_wconf 77' lang='lat'><strong>1.</strong></span> <span class='ocrx_word' id='word_1_421' title='bbox 2868 4461 2935 4520; x_wconf 83' lang='lat' dir='ltr'><strong>P.</strong></span> <span class='ocrx_word' id='word_1_422' title='bbox 2968 4459 3040 4519; x_wconf 83' lang='lat' dir='ltr'><strong>n.</strong></span> <span class='ocrx_word' id='word_1_423' title='bbox 3080 4412 3240 4518; x_wconf 52' lang='lat' dir='ltr'><strong>beet}</strong></span> <span class='ocrx_word' id='word_1_424' title='bbox 3275 4458 3349 4523; x_wconf 78' lang='lat' dir='ltr'><strong>V.</strong></span> <span class='ocrx_word' id='word_1_425' title='bbox 3385 4461 3436 4531; x_wconf 70' lang='lat'><strong>§0</strong></span> <span class='ocrx_word' id='word_1_426' title='bbox 3474 4470 3529 4526; x_wconf 79' lang='lat'><strong>2.</strong></span> 
     </span>
    </p>
   </div>
   <div class='ocr_carea' id='block_1_9' title="bbox 3087 4555 3269 4620">
    <p class='ocr_par' dir='ltr' id='par_1_9' title="bbox 3087 4555 3269 4620">
     <span class='ocr_line' id='line_1_75' title="bbox 3087 4555 3269 4620; baseline 0 -1"><span class='ocrx_word' id='word_1_427' title='bbox 3087 4555 3269 4620; x_wconf 82' lang='lat' dir='ltr'><strong>Dds</strong></span> 
     </span>
    </p>
   </div>
  </div>
 </body>
</html>
