4575 5850
1424 530 1823 609 PON

313 701 626 764 Ceterum
689 720 852 782 opus
924 719 1059 761 non
1133 715 1237 765 est
1307 723 1853 781 commemorare,

316 801 518 864 urbes
577 821 773 885 saepe
821 801 1074 886 abjecta
1108 802 1549 889 appellatione
1596 826 1710 868 sua
1744 825 1857 869 ve-

320 917 467 964 tere
515 903 828 986 deinceps
888 900 1248 967 adventitio
1307 919 1680 969 constanter
1737 926 1861 969 no·
1925 903 2330 989 argumentis
2417 899 2862 967 confirmatam
2900 946 2917 977 ,

320 1003 495 1067 mine
549 1025 733 1078 usas,
790 1015 861 1065 ut
921 999 1165 1066 sactum
1224 1025 1262 1066 a
1321 1004 1851 1069 caesariensibus

319 1104 820 1189 Cappadociae,
924 1115 1033 1165 aut
1131 1101 1389 1183 abjecto
1492 1105 1848 1170 adventitio

315 1209 689 1292 respexisse
737 1218 959 1280 vetus,
1003 1203 1190 1289 cujus
1235 1207 1610 1290 exemplum
1669 1227 1853 1291 prae-

320 1308 479 1375 bent
527 1306 893 1380 Mantinea,
955 1302 1206 1367 Edessa
1248 1298 1709 1391 Macedoniae,
1782 1320 1852 1370 et

323 1414 612 1492 Ancyra,
694 1421 804 1471 aut
872 1418 1060 1469 vetus
1130 1406 1425 1487 junxisse
1511 1428 1658 1472 cum
1745 1408 1855 1474 ad-

318 1508 593 1575 ventitio
634 1507 907 1570 honoris
964 1494 1327 1582 vocabulo,
1391 1508 1609 1591 cujus,
1672 1508 1849 1596 quod

314 1626 471 1675 nota
528 1624 709 1687 sunt,
771 1609 1071 1695 exempla
1132 1605 1394 1670 adferre
1453 1610 1659 1694 piget.
1758 1613 1849 1677 Vt

317 1710 738 1778 concordiam
802 1710 981 1773 inter
1036 1714 1382 1793 utramque
1433 1710 1663 1774 urbem
1727 1713 1850 1774 ini·

313 1829 447 1879 tam
517 1814 898 1899 opinemur,
958 1811 1139 1873 nulla
1209 1825 1388 1874 certa
1461 1812 1630 1875 ratio
1705 1834 1846 1874 sua-

311 1912 463 1989 det,
525 1928 593 1978 et
630 1914 821 1977 fuere
868 1910 1212 1995 antiquarii
1260 1910 1521 1995 priores
1570 1911 1842 1974 nimium

310 2038 512 2101 saepe
557 2015 868 2080 liberales
920 2014 983 2074 in
1030 2035 1107 2076 ea
1150 2033 1232 2076 ex
1288 2012 1505 2073 numis
1567 2026 1847 2077 statuen-

310 2121 445 2194 da,
532 2138 812 2204 quorum
909 2134 1231 2199 praeceps
1314 2112 1630 2196 judicium
1714 2114 1843 2197 jam

306 2220 697 2304 perstrinxit
740 2216 1169 2292 Pellerinius,
1233 2228 1301 2278 et
1343 2228 1692 2299 supersunt
1734 2213 1847 2279 ad-

280 2321 481 2403 khuc,
528 2339 694 2406 quae
742 2336 1019 2383 censore
1063 2328 1285 2400 egent.
1390 2316 1562 2377 Sane
1602 2315 1673 2375 in
1715 2314 1841 2391 his,

306 2422 395 2485 de
475 2422 708 2506 quibus
787 2420 1081 2501 agimus,
1161 2415 1375 2478 numis
1456 2415 1643 2478 abest
1713 2429 1841 2479 vox

304 2520 766 2593 ΟΜΟΝΟῙΑ,
840 2535 907 2583 et
966 2537 1114 2581 cum
1158 2516 1225 2575 in
1281 2517 1501 2579 numia
1554 2517 1843 2587 Concor-

304 2622 455 2686 diae
520 2621 859 2705 utriusque
935 2618 1154 2694 urbis,
1216 2618 1405 2703 cnjus
1475 2618 1543 2679 in
1610 2616 1692 2679 iis
1762 2616 1837 2681 fit

304 2725 595 2799 mentio,
678 2741 1031 2804 expressus
1119 2719 1512 2805 plerumque
1584 2719 1668 2782 sit
1738 2731 1837 2800 ty-

305 2837 461 2909 pus,
521 2824 587 2886 in
648 2823 751 2884 bis
810 2822 1091 2905 simplex
1151 2835 1396 2885 tantum
1454 2835 1580 2886 est.
1663 2820 1836 2884 Novi

300 2945 430 3009 per
468 2924 811 3009 utriusque
862 2921 1114 2986 criterii
1159 2922 1516 2988 absentiam
1571 2912 1843 2986 evidenss

299 3041 408 3091 ter
454 3026 643 3108 argui
685 3043 817 3086 non
870 3044 1102 3108 posse,
1167 3045 1300 3088 non
1344 3025 1559 3089 notari
1618 3025 1685 3085 in
1731 3023 1833 3085 his

300 3127 519 3192 numia
584 3123 1039 3204 concordiam,
1108 3141 1174 3192 at
1250 3147 1399 3191 cum
1467 3131 1832 3210 utrumque

301 3230 508 3304 absit,
580 3228 813 3290 absunt
899 3227 1095 3292 etiam
1184 3228 1353 3293 certi
1438 3223 1833 3292 concordiae

299 3331 753 3400 characteres,
815 3342 889 3391 et
939 3348 1072 3389 non
1140 3328 1443 3413 cogimur
1492 3343 1636 3389 eam
1687 3343 1835 3408 pro-

298 3431 513 3503 fiteri,
600 3450 747 3493 oum
836 3429 1161 3514 'aptiorem
1246 3430 1447 3492 alium
1520 3425 1833 3488 habemus

298 3533 720 3618 explicatum.
804 3530 1054 3592 Eodem
1112 3531 1391 3596 consilio
1442 3527 1833 3595 Vaillantius

297 3632 704 3720 epigraphen
762 3625 1133 3693 IGPOHO.
1176 3627 1645 3696 KACTABA.
1699 3647 1829 3690 non

295 3737 381 3802 de
434 3735 604 3798 binis
656 3731 934 3798 diversis
982 3731 1255 3794 urbibus
1299 3731 1512 3814 cepit,
1583 3727 1701 3792 sed
1748 3726 1833 3791 de

290 3836 652 3902 Castabalis
713 3833 908 3908 solis,
995 3852 1163 3916 quae
1224 3829 1609 3914 Hieropolis
1669 3849 1831 3922 quq-

293 3958 429 4025 qne
472 3933 1064 4002 nomen.habnisse
1109 3932 1515 4022 conjecit-⁰).
1619 3931 1832 3995 Acce·

294 4040 391 4102 dit
436 4037 757 4122 denique,
814 4054 1004 4098 raros
1051 4054 1199 4097 esse
1249 4032 1508 4096 urbium
1574 4032 1823 4114 Lydiae

1918 498 2321 606 '1³v8.

1926 702 2345 768 inscribatur.
2434 699 2658 795 Quare
2692 700 2817 764 etsi
2868 700 3038 765 hane
3093 722 3338 780 meam,
3381 721 3472 794 ‚et

1926 804 2026 869 Cl.
2096 803 2285 867 Wise
2356 800 2748 865 sententiam
2814 816 2944 863 non
3002 805 3195 866 tantis
3238 816 3462 890 putem

3008 916 3078 967 ut
3163 917 3275 968 vet
3315 925 3462 969 rem

1925 1005 2204 1069 aliorum
2244 1002 2555 1066 continuo
2589 1000 2740 1065 loco
2774 1017 3015 1067 motam
3069 1005 3458 1083 existimem,

1924 1088 2448 1171 verisimiliorem
2514 1118 2733 1178 tamen
2792 1125 2956 1189 prae
3005 1104 3129 1169 hac
3182 1101 3466 1181 censeo,

1923 1210 1990 1268 et
2042 1207 2166 1270 hos
2222 1226 2459 1270 numos
2525 1203 2831 1268 Comanis
2900 1207 3097 1269 Ponti
3173 1207 3460 1271 tribuen-

1923 1309 2068 1375 dos·

2006 1410 2084 1470 In
2147 1410 2442 1486 Epocltae
2515 1404 2644 1489 jam
2699 1407 2894 1469 etiam
2967 1408 3313 1471 exordium
3358 1411 3453 1473 inae

1924 1508 2337 1595 quirendum.
2426 1506 2632 1586 Illud,
2676 1507 2853 1594 quod
2903 1506 3238 1573 dictavere
3278 1513 3454 1577 Vail-

1921 1611 2159 1674 lantius
2190 1620 2257 1671 et
2283 1605 2697 1685 Harduinus,
2740 1610 2867 1695 jam
2901 1607 3202 1675 refutavi.
3286 1613 3454 1675 Eru-

3222 592 3228 599 ·
3327 552 3469 617 333

1860 1728 1865 1737 ·
1921 1700 2059 1775 dito
2109 1708 2303 1775 Wise
2344 1708 2588 1793 placuit
2635 1716 2840 1772 annus
2879 1709 2980 1776 Vs·
3014 1710 3086 1777 C.
3131 1712 3278 1791 788.
3323 1710 3452 1775 Ad-

1921 1809 2073 1873 ditis
2136 1808 2291 1871 huic
2349 1810 2534 1871 annis
2611 1829 2749 1890 ¹7¹·
2818 1800 3135 1881 habemus
3211 1833 3450 1876 annum

1917 1915 2000 1979 V.
2048 1914 2119 1974 C.
2168 1910 2315 1991 959.
2361 1910 2427 1971 in
2476 1909 2662 1993 cujus
2702 1924 3012 1974 autumno
3057 1909 3282 1996 coepit
3334 1936 3451 1975 an..

1874 2022 2039 2072 ‘nus
2076 2012 2512 2073 Comanorum
2568 2030 2703 2089 ¹7¹·
2789 2014 2876 2076 At
2927 2027 3063 2077 tum
3114 2010 3444 2078 Caracalla

1917 2132 2154 2174 annum
2188 2112 2459 2175 circiter
2500 2111 2746 2181 xvm.
2796 2115 3070 2198 agebat,
3131 2135 3278 2178 cum
3320 2137 3448 2202 qua

1915 2223 2129 2276 aetate
2208 2210 2554 2273 liberalior
2627 2211 2860 2293 barba,
2941 2238 3132 2303 quam
3207 2238 3445 2280 numus

1913 2311 2159 2395 offert,
2207 2312 2517 2398 componi
2566 2332 2695 2373 non
2747 2327 2989 2397 potest.
3092 2320 3283 2380 Hanc
3329 2317 3444 2380 Ca·

1911 2414 2152 2477 racalla
2177 2414 2461 2498 primum
2498 2413 2840 2497 adpendit,
2891 2436 3036 2479 cum
3069 2418 3220 2483 trib.
3259 2430 3445 2503 potess-

1911 2527 2141 2578 statem
2195 2514 2342 2574 ΧΠ.
2391 2529 2800 2591 numeraret,
2863 2531 2932 2579 ut
2999 2516 3174 2578 istud
3228 2520 3444 2602 inspe-

1911 2631 2013 2680 cta
2061 2614 2501 2700 locupletiora
2570 2636 2795 2679 musea
2835 2618 3176 2680 luculente
3226 2634 3441 2682 osten-

1908 2715 2089 2782 dunt.
2175 2719 2265 2779 Ea
2302 2715 2400 2778 illi
2455 2716 2692 2801 obtigit
2743 2720 2824 2785 V·
2870 2722 2942 2787 C.
2983 2719 3169 2799 οδω,
3231 2718 3435 2805 igitur
3541 2768 3548 2774 ,

1907 2838 2114 2881 annus
2188 2820 2694 2883 comanensium
2772 2832 2909 2898 172.
2982 2821 3296 2884 anteriori
3353 2823 3435 2888 V.

1907 2923 1980 2985 C.
2040 2940 2211 2983 anno
2269 2920 2679 3004 respondere
2736 2920 2998 3008 nequit3
3056 2940 3273 3006 neque
3333 2943 3439 2986 re-

1906 3020 2486 3108 spondere‘potest
2518 3021 2745 3101 alteri,
2805 3023 2917 3107 qui
2969 3019 3051 3085 sit
3105 3025 3442 3107 posterior

1905 3143 2073 3186 anno
2118 3123 2297 3203 964„
2354 3133 2502 3186 naui
2572 3121 2701 3187 hoc
2749 3144 2919 3187 anno
2980 3142 3204 3185 mense
3270 3124 3441 3188 Feb-

1904 3225 2127 3287 ruario
2188 3241 2483 3286 mortuus
2548 3237 2648 3287 est
2711 3225 3036 3299 Severus,
3111 3223 3176 3285 in
3252 3223 3439 3304 cuius

1904 3345 2167 3411 quoque
2216 3346 2416 3388 numo
2486 3324 2735 3407 legitur
2792 3321 2967 3386 idem
3035 3343 3240 3389 annus
3300 3345 3439 3407 ¹7²·

1906 3425 2119 3509 Igitur
2165 3426 2420 3488 initium
2474 3424 2770 3507 epochae
2820 3425 3187 3487 ducendum
3221 3439 3321 3487 est
3355 3423 3435 3488 ab

1905 3540 2216 3589 autumno
2273 3527 2361 3588 V.
2404 3524 2476 3588 C.
2521 3540 2672 3608 791.
2739 3525 2847 3587 vel
2918 3541 3103 3606 792„
3163 3525 3278 3611 qni
3337 3542 3440 3586 re·

1906 3625 2233 3709 spondent
2294 3626 2477 3688 annis
2530 3625 2775 3687 Christi
2825 3624 2932 3691 38.
2977 3626 3082 3707 39.
3201 3615 3439 3690 Refert

1903 3730 2074 3805 Dio,
2132 3727 2494 3811 Caligulam
2542 3724 2891 3788 Polemoni
2935 3727 3312 3791 Polemonis
3359 3728 3436 3791 1⁹.

1903 3849 2246 3914 paternum
2279 3826 2670 3911 imperinm,
2712 3828 2993 3890 Pontum
3036 3848 3315 3913 nempe,
3354 3851 3438 3894 ex

1902 3931 1971 3998 S.
2029 3933 2105 3995 C.
2175 3929 2483 3993 tribuisse
2551 3927 2629 3993 V.
2703 3929 2781 4016 C,
2846 3947 2964 4018 79)
3045 3935 3127 4005 Ρ).
3230 3930 3433 3995 Forte

1899 4047 2032 4096 tum
2098 4031 2573 4095 beneficiorum
2617 4023 2874 4112 ‘aliquid
2936 4032 3003 4091 in
3077 4028 3435 4096 Comanen·

292 4160 526 4202 numos
555 4137 805 4222 epocha
834 4134 1160 4219 insignes,
1206 4155 1352 4198 cum
1390 4145 1603 4195 tamen
1660 4132 1822 4220 haec
1896 4153 2003 4199 ses
2031 4130 2244 4207 fluxit,
2288 4129 2469 4218 quod
2501 4129 2937 4195 instituendae
2970 4132 3265 4217 epochae
3288 4151 3435 4198 cau·

280 4241 689 4324 frequenter·
718 4239 1146 4303 Ponticarum
1205 4234 1465 4298 urbium
1520 4247 1821 4297 monetae
1894 4256 2029 4300 sam
2086 4234 2385 4309 suffecit,
2444 4256 2521 4299 ao
2551 4237 2751 4298 etiam
2787 4247 2927 4306 turn
2956 4233 3107 4297 fieri
3147 4245 3427 4319 poterat,

515 4513 573 4586 0)
611 4511 788 4570 Num.
819 4509 1029 4569 Graec.
1059 4531 1120 4590 p.
1162 4515 1285 4574 124.

369 4614 549 4688 (701.
595 4613 722 4682 11.)

1460 4511 1525 4581 ι»)
1563 4508 1627 4567 L.
1664 4485 1808 4567 ια’.
1845 4509 1897 4581 5.
1935 4521 2015 4574 ιφ..

2823 4607 3032 4690 ‚Yy
