4575 5850
1178 602 1327 675 1300
2162 589 2688 664 BITII

1176 758 1229 821 ti
1275 756 1464 822 fuere
1514 756 1725 820 numis
1771 757 2029 822 urbium
2077 759 2267 843 hujus
2315 760 2715 845 provinciae.

1174 860 1449 924 Factum
1509 859 1682 922 istud
1703 902 1733 935 ‚,
1789 860 2081 942 quamvis
2144 863 2394 937 rarius,
2450 864 2517 925 in
2574 863 2717 925 aliis

1175 981 1437 1045 quoque
1515 960 1900 1045 provinciis,
1981 976 2046 1026 at
2104 962 2278 1049 quod
2339 964 2450 1024 nni
2490 962 2718 1043 Bithy·

1172 1061 1320 1123 niae
1383 1061 1720 1145 proprium
1781 1079 1923 1134 est.
1997 1063 2409 1147 proconsulis
2467 1062 2717 1125 nomini

1174 1161 1488 1225 addidere
1539 1182 1779 1225 nomen
1830 1160 2400 1241 ΠΑΤΡΩΝΟΣ,
2425 1170 2712 1244 patroni,

1173 1282 1445 1345 nempe,
1503 1263 1614 1345 qui
1675 1265 2101 1345 proconsules
2158 1266 2382 1338 fuere,
2443 1266 2712 1329 eosdem

1173 1376 1240 1423 et
1296 1378 1606 1446 patronos
1661 1386 1813 1427 suos
1858 1385 2191 1450 agnovere
2234 1368 2523 1448 Bithyni.
2611 1371 2712 1451 lp·

1172 1484 1309 1524 sum
1384 1465 1554 1526 istud
1634 1464 2022 1528 confirmant
2088 1468 2327 1530 eximia
2390 1469 2712 1551 epigram-

1168 1580 1374 1635 mata,
1452 1585 1617 1647 quse
1696 1568 2109 1630 conservavit
2189 1569 2588 1659 Mus-storius
2632 1573 2709 1654 ⁸),

1171 1665 1529 1743 secundum
1609 1686 1774 1752 quae
1835 1668 2052 1729 variae
2110 1668 2454 1752 Bithyniae
2513 1673 2708 1735 urbes

1042 1837 1047 1843 ¹
1170 1767 1548 1845 proconsuli
1579 1787 1720 1845 sno,
1763 1767 1984 1831 addito
2016 1763 2495 1841 ΠΑΤΡΩΝΙ.
2524 1772 2708 1835 ΚΑΙ.

1167 1861 1719 1934 ETEPFETHt.
1790 1869 1958 1957 grati
2033 1869 2231 1931 animi
2293 1862 2708 1934 monumenta

1175 1967 1590 2031 dedicavere.
1634 1968 1813 2031 Istud
1862 1970 2244 2033 vocabulum
2291 1965 2708 2033 ΠΑΤΡΩΝ

1167 2090 1206 2132 a
1279 2068 1681 2153 principibus
1752 2070 2132 2155 antiquariis
2198 2071 2512 2133 aliorsum
2583 2073 2710 2135 fuit

1169 2185 1544 2253 acceptum,
1602 2184 1668 2232 et
1724 2169 1790 2231 in
1849 2190 1931 2234 eo
1991 2171 2200 2234 latere
2244 2190 2482 2233 nomen
2526 2174 2708 2237 urbis

1165 2273 1507 2333 Patrarum
1554 2269 1836 2333 Achaiae
1885 2274 2120 2354 passim
2167 2273 2529 2347 creditum,
2576 2294 2707 2358 quo

1163 2371 1444 2447 factum,
1482 2383 1561 2432 ut
1606 2373 2038 2453 proconsules
2075 2392 2337 2449 omnes,
2384 2374 2493 2458 qni
2540 2374 2709 2438 illud

1161 2471 1481 2550 adjectum
1563 2471 1841 2548 habent,
1920 2474 2203 2536 Achaiae
2272 2474 2706 2558 proconsules

1159 2593 1243 2635 ex
1306 2573 1560 2648 numia,
1636 2573 1930 2657 quamvis
2000 2589 2069 2636 et
2127 2575 2229 2635 bis
2291 2577 2710 2660 repugnanti-

1159 2673 1313 2745 bus,
1391 2672 1472 2734 ad
1539 2673 1705 2734 hanc
1771 2676 1976 2758 usque
2043 2687 2318 2738 aetatem
2385 2678 2708 2741 baberen-

1155 2785 1283 2834 tur.
1336 2775 1522 2835 Haec
1582 2773 1933 2837 clientelae
1988 2773 2319 2857 professio
2374 2799 2506 2841 non
2554 2780 2704 2842 sim-

1158 2871 1315 2955 plex
1392 2872 1841 2937 tantummodo
1912 2873 2069 2952 fuit,
2147 2876 2303 2955 sed,
2365 2893 2436 2942 ut
2497 2880 2700 2945 conti·

1157 2994 1291 3036 nuo
1336 2972 1738 3049 videbimus,
1799 2973 2029 3039 iterata
2075 2967 2269 3040 etism
2317 2979 2476 3054 fuit,
2524 3002 2585 3044 v.
2633 2999 2696 3064 g.

1158 3070 1230 3138 Β.
1270 3068 1838 3138 ΠΑΤΡΩΝΟΣ.
1883 3095 1965 3139 eo
1995 3078 2214 3153 modo,
2260 3099 2389 3163 quo
2423 3082 2698 3144 archon·

1158 3187 1291 3245 tes,
1348 3187 1690 3257 praetores
1751 3173 1879 3239 et'c.
1938 3198 2116 3240 suam
2173 3180 2444 3244 iterasse
2489 3180 2698 3266 digni·

1158 3285 1358 3334 tatem
1391 3275 1629 3357 passim
1668 3276 1738 3336 in
1773 3277 1987 3340 numis
2025 3280 2483 3366 conspicimus.
2568 3283 2698 3345 Ab·

1162 3373 1373 3436 stineo
1433 3375 1765 3455 pluribus,
1835 3379 1985 3462 quia
2048 3379 2177 3445 hoc
2236 3396 2695 3463 argumentum

1156 3472 1303 3536 fuse
1351 3474 1508 3537 alibi
1546 3479 1815 3543 tractavi
1858 3485 1934 3565 t).
1995 3484 2244 3546 Tamen
2267 3484 2397 3545 hoc
2428 3483 2581 3545 loco
2626 3484 2690 3546 in

2784 590 3383 667 YNIA.

2789 759 3065 919 aeEIIt.
3107 756 4118 845 ANOTHATOT.GOP10T.
4159 768 4332 845 Aper

2977 857 4001 963 -N01A.N1KOMHCapue
4034 868 4329 941 juvenile

2787 968 3220 1026 deadematnm
3248 966 3641 1043 tumentibus
3665 983 3703 1024 e
3725 965 3949 1043 fronte
3979 966 4149 1024 binis
4193 984 4329 1025 cor·

2771 1069 3013 1126 nubas.
3051 1063 3403 1144 (Morelli
3383 1084 3449 1124 tn
3478 1063 3662 1128 Fam.
3699 1063 4003 1144 Thoria).

2871 1165 3155 1226 Dubium
3215 1185 3348 1228 non
3394 1177 3528 1239 est,
3572 1176 3994 1226 antonomum
4036 1161 4210 1223 hunc
4246 1165 4326 1223 ab

2785 1260 3020 1325 eodem
3069 1265 3321 1327 Thorio
3369 1285 3629 1350 procos.
3682 1262 4026 1344 signatum.
4077 1263 4328 1323 Has-er-

2784 1380 3079 1446 umpas,
3173 1366 3281 1428 cui
3363 1363 3769 1449 praecedens
3846 1363 4330 1425 Pellerinianus

2779 1463 3044 1548 ignotus
3104 1464 3266 1538 fuit,
3326 1485 3478 1526 eum
3526 1467 3606 1531 1..
3655 1462 3905 1525 'I'ltorio
3949 1464 4161 1525 Balbo
4216 1464 4328 1526 tri·

2783 1563 2964 1639 buit,
3035 1579 3104 1627 et
3182 1565 3484 1649 quoniam
3540 1564 3606 1626 in
3650 1562 3842 1646 hujus
3891 1564 4173 1626 denariis
4224 1583 4328 1626 ca·

2779 1681 2897 1751 put
2941 1667 3203 1747 Ipnonis
3264 1665 3545 1748 Sispitae
3599 1675 3972 1747 comparet,
4018 1665 4210 1725 etism
4259 1668 4324 1725 in

2778 1782 3125 1853 praesente
3171 1768 3363 1852 hujus
3406 1768 3568 1829 deae
3614 1780 3805 1848 caput
3859 1766 4140 1849 proponi
4183 1784 4322 1829 cre·

2784 1870 2968 1934 didit.
3051 1869 3299 1934 Verum
3351 1889 3499 1931 cum
3564 1866 3741 1929 (licto
3799 1867 3993 1949 capiti
4039 1864 4325 1950 adscrip-

2781 1983 2916 2033 tum
2956 1971 3037 2032 sit
3073 1967 3552 2043 OMON01A‚
3599 1978 3682 2029 e‘x
3727 1967 4021 2048 analogia
4068 1966 4148 2028 ab
4179 1964 4326 2027 aliis

2779 2070 2993 2133 numia
3030 2068 3220 2132 ducta
3270 2086 3371 2133 est
3422 2085 3614 2153 caput
3666 2072 4092 2143 Concordiae,
4138 2078 4210 2127 ut
4257 2067 4322 2126 in

2780 2172 3220 2254 praecedente
3284 2165 3640 2231 ElPHNH
3705 2173 3851 2231 Pax
3914 2169 4319 2250 proponitur.

2779 2273 3027 2335 Eadem
3098 2292 3324 2353 manns
3378 2271 3630 2334 medica
3686 2268 4088 2330 admovenda
4149 2269 4324 2336 Vail·

2780 2374 2962 2436 lantii
3000 2374 3084 2437 de
3113 2374 3241 2435 hoc
3271 2390 3469 2433 numo
3504 2370 3750 2453 judicio
3780 2374 3858 2449 ὓ).
3906 2371 4136 2432 Fuisse
4168 2389 4319 2453 gen-

2778 2474 2829 2537 ti
2863 2475 3152 2538 Thuriae
3186 2492 3554 2553 cognomen
3590 2475 3820 2535 Flacci
3836 2513 3857 2549 ,
3900 2471 3980 2532 ab
4029 2469 4159 2533 hoc
4190 2470 4320 2554 pri-

2778 2572 2952 2637 mum
2991 2594 3192 2636 numo
3222 2572 3561 2635 docemur.

2861 2671 3052 2743 Em,
3091 2712 3108 2725 .
3157 2668 3618 2736 ΠΟΠΛΙΟΤ.
3704 2665 4310 2736 ΟΤῙΤΕΛΛῙΟΤ.

2771 2770 3397 2837 ANornATo‘r.
3465 2754 3576 2838 ML
3635 2766 4310 2835 ΝιΚοΜΗΔΕΩΝ.

2771 2875 2840 2937 in
2906 2893 3105 2937 numo
3164 2874 3563 2940 Germanici.
3629 2875 3831 2956 (Mus.
3889 2872 4076 2936 Caes.
4117 2871 4311 2939 vain.

2770 2977 3041 3041 Motelli
3074 2965 3352 3041 in'Fam.
3381 2973 3645 3054 Vitell.)

2853 3076 3008 3139 Fuit
3074 3076 3181 3138 hic
3242 3079 3318 3164 ξ’.
3380 3074 3691 3142 Vitellius
3749 3084 4018 3155 patruus
4058 3070 4311 3138 Vitellii

2767 3178 2971 3258 Aug„
3033 3178 3221 3259 cujus
3273 3197 3478 3260 opera
3528 3173 3976 3240 Germanicus·
4009 3172 4078 3234 in
4125 3172 4304 3234 bello

2767 3277 3161 3341 Germanico
3247 3278 3521 3338 multum
3586 3296 3743 3336 usus
3805 3289 3945 3347 est,
4016 3272 4303 3355 ejusdem

2766 3382 2963 3462 ctiam
3027 3396 3289 3451 comes,
3356 3398 3503 3440 cum
3548 3376 3613 3437 in
3663 3375 4008 3440 Orientem
4049 3372 4310 3457 proiici-

2764 3495 3102 3556 merctur,
3155 3475 3511 3561 effecitque
3582 3476 3991 3560 eloquentia,
4056 3487 4129 3535 nt
4193 3477 4308 3540 Cn.

1152 3574 1466 3639 historiae
1527 3580 1886 3645 subsidium
1945 3584 2161 3645 omnia
2221 3584 2689 3668 proconsulum
2760 3583 2916 3644 Piso
2952 3580 3326 3644 Germanici
3383 3575 3708 3663 parricida
3737 3568 4305 3642 condemnaretur.

1154 3676 1454 3755 nomina,
1508 3692 1581 3742 ut
1638 3699 1714 3743 ea
1775 3682 1897 3744 sub
1950 3682 2224 3767 singulis
2280 3685 2695 3770 imperatori·
2760 3683 2909 3778 Ipse
2959 3685 3042 3751 V.
3115 3684 3189 3746 C.
3248 3682 3422 3761 784„
3481 3693 3783 3762 tanquam
3811 3677 3956 3770 'qui'
3990 3697 4146 3739 cum
4193 3680 4306 3740 Sc.

1158 3777 1281 3839 bus
1338 3778 1405 3840 in
1461 3780 1673 3841 numis
1731 3782 2134 3864 produntur,
2198 3786 2533 3863 restituta,
2578 3787 2690 3851 ubi
2758 3784 2909 3868 jano
2942 3783 3351 3876 collusisset‚
3387 3793 3766 3865 peremptus
3812 3781 3918 3838 'est
3962 3783 4045 3855 ¹).
4091 3778 4306 3841 Docet

1159 3897 1434 3942 necesse
1469 3894 1606 3957 est,
1648 3901 1803 3945 vera
1835 3884 2157 3958 lectione.
2203 3887 2520 3953 recitabo.

1244 3975 1435 4042 Em.

1166 4071 1656 4145 ΦΛΑΚΚΟΤ.
1704 4077 2083 4155 ΕΙΡΗΝΗ.
2114 4090 2258 4151 Pax
2287 4101 2468 4152 stans
2495 4095 2560 4155 d.
2589 4112 2700 4155 ca-

1163 4185 1446 4244 duceum.
1494 4178 1542 4241 κ
1589 4180 2266 4259 ΝΙΚΟΜΗΔΕΩΝ.
2299 4177 2521 4272 ‘capue
2565 4198 2699 4255 Aa·

1156 4285 1354 4376 gusti.
1401 4282 1724 4362 (Pelles-in
1754 4285 1916 4350 Hel.
1940 4286 2061 4368 Π.)

1182 4425 1337 4459 .-

1400 4494 1452 4565 )
1492 4491 1672 4553 Thes.
1696 4494 1873 4554 inscr.
1900 4512 1964 4570 p.
2005 4504 2164 4563 1073.
2191 4515 2315 4574 seq.
2432 4498 2484 4573 2)
2519 4497 2695 4561 Num.
2719 4511 2842 4562 vet·
2885 4517 2949 4577 p
2980 4504 3106 4564 18⁶.

1165 4537 1355 4647 Tacit.
1452 4583 1556 4659 1)
1556 4583 1626 4644 1n
1655 4584 1818 4653 Fam.
1843 4584 2055 4646 Viteu.
2178 4605 2183 4610 ·

1565 3978 2192 4054 ΑΝΘΤΠΑΤΟΤ.
2308 3967 2728 4057 ΘΩΡῙοΤ.’

2770 3906 2935 3970 ergo
2981 3885 3088 3948 hic
3130 3903 3402 3951 numus.
3443 3878 3723 3944 eundem
3757 3877 3928 3941 hunc
3960 3880 4303 3945 Vitellium

2768 3988 3022 4050 rexisse
3100 3984 3504 4065 Bithyniam,
3577 4002 3706 4064 quo
3787 3980 3856 4040 id
3913 3999 4119 4055 anno,
4174 3999 4306 4041 non

2770 4099 3047 4152 constat.
3086 4084 3466 4152 Verisimile
3499 4096 3634 4156 est,
3664 4081 3840 4166 quod
3872 4096 4102 4144 censet
4135 4082 4310 4145 Van-

2768 4189 3006 4252 lantius
3059 4192 3165 4269 5),
3242 4206 3390 4249 eum
3466 4206 3504 4247 a
3572 4183 3752 4243 bello
3825 4181 4306 4247 Germanorum

2770 4309 2921 4353 cum
2980 4285 3375 4351 Germanico
3431 4282 3745 4347 reducem
3806 4279 4202 4345 destinatum
4239 4282 4306 4344 in

3205 4493 3267 4571 ιῑ)
3304 4493 3377 4561 1n
3415 4494 3583 4579 F⁸¹¹.¹·
3615 4489 3855 4556 Thoria.
3925 4493 4019 4568 »3)
4058 4494 4296 4555 Sueten.
