<?xml version="1.0" encoding="UTF-8"?>
<!DOCTYPE html PUBLIC "-//W3C//DTD XHTML 1.0 Transitional//EN"
    "http://www.w3.org/TR/xhtml1/DTD/xhtml1-transitional.dtd">
<html xmlns="http://www.w3.org/1999/xhtml" xml:lang="en" lang="en">
 <head>
  <title>
</title>
<meta http-equiv="Content-Type" content="text/html;charset=utf-8" />
  <meta name='ocr-system' content='tesseract 3.04.00' />
  <meta name='ocr-capabilities' content='ocr_page ocr_carea ocr_par ocr_line ocrx_word'/>
</head>
<body>
  <div class='ocr_page' id='page_1' title='image "./doctrinanumorum08unkngoog_0406.png"; bbox 0 0 4575 5850; ppageno 0'>
   <div class='ocr_carea' id='block_1_1' title="bbox 1974 782 2677 910">
    <p class='ocr_par' dir='ltr' id='par_1_1' title="bbox 1974 782 2677 910">
     <span class='ocr_line' id='line_1_1' title="bbox 1974 782 2677 910; baseline 0.001 -5"><span class='ocrx_word' id='word_1_1' title='bbox 1974 782 2677 910; x_wconf 89' lang='grc' dir='ltr'>ΒΙ-ΤΗ</span> 
     </span>
    </p>
   </div>
   <div class='ocr_carea' id='block_1_2' title="bbox 1596 1255 2282 1319">
    <p class='ocr_par' dir='ltr' id='par_1_2' title="bbox 1596 1255 2282 1319">
     <span class='ocr_line' id='line_1_2' title="bbox 1596 1255 2282 1319; baseline 0.004 -3"><span class='ocrx_word' id='word_1_2' title='bbox 1596 1255 2282 1319; x_wconf 70' lang='lat' dir='ltr'>PROLEGOMENA.</span> 
     </span>
    </p>
   </div>
   <div class='ocr_carea' id='block_1_3' title="bbox 1117 1426 2701 2144">
    <p class='ocr_par' dir='ltr' id='par_1_3' title="bbox 1117 1426 2701 2144">
     <span class='ocr_line' id='line_1_3' title="bbox 1117 1426 2701 1538; baseline 0.002 -26"><span class='ocrx_word' id='word_1_3' title='bbox 1117 1426 1528 1534; x_wconf 79' lang='lat' dir='ltr'>&#39;Bithyniae</span> <span class='ocrx_word' id='word_1_4' title='bbox 1582 1453 1853 1516; x_wconf 78' lang='lat' dir='ltr'>historia</span> <span class='ocrx_word' id='word_1_5' title='bbox 1910 1453 2364 1518; x_wconf 77' lang='lat' dir='ltr'>numismatica</span> <span class='ocrx_word' id='word_1_6' title='bbox 2425 1466 2701 1538; x_wconf 85' lang='lat' dir='ltr'>propter</span> 
     </span>
     <span class='ocr_line' id='line_1_4' title="bbox 1165 1555 2698 1640; baseline -0.001 -20"><span class='ocrx_word' id='word_1_7' title='bbox 1165 1555 1307 1635; x_wconf 81' lang='lat' dir='ltr'>ejus</span> <span class='ocrx_word' id='word_1_8' title='bbox 1359 1574 1738 1631; x_wconf 81' lang='lat' dir='ltr'>numm-um,</span> <span class='ocrx_word' id='word_1_9' title='bbox 1800 1575 1875 1618; x_wconf 87' lang='lat' dir='ltr'>ac</span> <span class='ocrx_word' id='word_1_10' title='bbox 1931 1555 2340 1636; x_wconf 80' lang='lat' dir='ltr'>potissimum</span> <span class='ocrx_word' id='word_1_11' title='bbox 2403 1557 2698 1640; x_wconf 80' lang='lat' dir='ltr'>epochae</span> 
     </span>
     <span class='ocr_line' id='line_1_5' title="bbox 1152 1655 2696 1737; baseline -0.002 -19"><span class='ocrx_word' id='word_1_12' title='bbox 1152 1655 1610 1737; x_wconf 77' lang='lat' dir='ltr'>,cognitionem</span> <span class='ocrx_word' id='word_1_13' title='bbox 1665 1656 2029 1719; x_wconf 78' lang='lat' dir='ltr'>accuratius</span> <span class='ocrx_word' id='word_1_14' title='bbox 2078 1656 2434 1721; x_wconf 81' lang='lat' dir='ltr'>tractanda.</span> <span class='ocrx_word' id='word_1_15' title='bbox 2534 1660 2696 1718; x_wconf 87' lang='lat' dir='ltr'>Eam</span> 
     </span>
     <span class='ocr_line' id='line_1_6' title="bbox 1161 1755 2697 1840; baseline 0.002 -26"><span class='ocrx_word' id='word_1_16' title='bbox 1161 1755 1487 1837; x_wconf 86' lang='lat' dir='ltr'>principio</span> <span class='ocrx_word' id='word_1_17' title='bbox 1521 1774 1716 1838; x_wconf 82' lang='lat' dir='ltr'>reges</span> <span class='ocrx_word' id='word_1_18' title='bbox 1742 1771 2035 1827; x_wconf 87' lang='lat' dir='ltr'>tenuere,</span> <span class='ocrx_word' id='word_1_19' title='bbox 2074 1757 2156 1818; x_wconf 83' lang='lat' dir='ltr'>dc</span> <span class='ocrx_word' id='word_1_20' title='bbox 2196 1759 2429 1840; x_wconf 86' lang='lat' dir='ltr'>quibus</span> <span class='ocrx_word' id='word_1_21' title='bbox 2463 1772 2697 1840; x_wconf 78' lang='lat' dir='ltr'>agetur</span> 
     </span>
     <span class='ocr_line' id='line_1_7' title="bbox 1154 1855 2698 1938; baseline 0.004 -24"><span class='ocrx_word' id='word_1_22' title='bbox 1154 1855 1225 1914; x_wconf 81' lang='lat' dir='ltr'>in</span> <span class='ocrx_word' id='word_1_23' title='bbox 1256 1874 1485 1934; x_wconf 85' lang='lat' dir='ltr'>regum</span> <span class='ocrx_word' id='word_1_24' title='bbox 1531 1856 1765 1920; x_wconf 83' lang='lat' dir='ltr'>numis.</span> <span class='ocrx_word' id='word_1_25' title='bbox 1810 1856 2063 1915; x_wconf 78' lang='lat' dir='ltr'>Horum</span> <span class='ocrx_word' id='word_1_26' title='bbox 2101 1871 2473 1938; x_wconf 84' lang='lat' dir='ltr'>postremus</span> <span class='ocrx_word' id='word_1_27' title='bbox 2506 1859 2698 1919; x_wconf 85' lang='lat' dir='ltr'>Nico·</span> 
     </span>
     <span class='ocr_line' id='line_1_8' title="bbox 1159 1952 2693 2040; baseline 0.003 -26"><span class='ocrx_word' id='word_1_28' title='bbox 1159 1955 1389 2016; x_wconf 83' lang='lat' dir='ltr'>medes</span> <span class='ocrx_word' id='word_1_29' title='bbox 1422 1954 1536 2018; x_wconf 83' lang='lat' dir='ltr'>IV.</span> <span class='ocrx_word' id='word_1_30' title='bbox 1568 1952 1743 2017; x_wconf 80' lang='lat' dir='ltr'>diem</span> <span class='ocrx_word' id='word_1_31' title='bbox 1773 1956 1977 2019; x_wconf 84' lang='lat' dir='ltr'>obivit</span> <span class='ocrx_word' id='word_1_32' title='bbox 2004 1957 2082 2021; x_wconf 89' lang='lat' dir='ltr'>V.</span> <span class='ocrx_word' id='word_1_33' title='bbox 2104 1957 2177 2021; x_wconf 88' lang='lat' dir='ltr'>C.</span> <span class='ocrx_word' id='word_1_34' title='bbox 2214 1962 2380 2040; x_wconf 74' lang='lat' dir='ltr'>b7q.,</span> <span class='ocrx_word' id='word_1_35' title='bbox 2408 1960 2510 2020; x_wconf 79' lang='lat' dir='ltr'>vel</span> <span class='ocrx_word' id='word_1_36' title='bbox 2546 1959 2693 2033; x_wconf 72' lang='lat'>080,</span> 
     </span>
     <span class='ocr_line' id='line_1_9' title="bbox 1157 2057 2694 2144; baseline 0.003 -27"><span class='ocrx_word' id='word_1_37' title='bbox 1157 2070 1268 2117; x_wconf 79' lang='lat' dir='ltr'>aut</span> <span class='ocrx_word' id='word_1_38' title='bbox 1297 2058 1652 2118; x_wconf 78' lang='lat' dir='ltr'>secundum</span> <span class='ocrx_word' id='word_1_39' title='bbox 1689 2060 2049 2141; x_wconf 77' lang='lat' dir='ltr'>Appianum</span> <span class='ocrx_word' id='word_1_40' title='bbox 2081 2057 2223 2137; x_wconf 81' lang='lat'><strong>678.</strong></span> <span class='ocrx_word' id='word_1_41' title='bbox 2256 2061 2315 2139; x_wconf 75' lang='grc' dir='ltr'>ει)</span> <span class='ocrx_word' id='word_1_42' title='bbox 2337 2102 2353 2132; x_wconf 93' lang='lat'>,</span> <span class='ocrx_word' id='word_1_43' title='bbox 2417 2062 2524 2142; x_wconf 91' lang='lat' dir='ltr'>qui</span> <span class='ocrx_word' id='word_1_44' title='bbox 2581 2082 2694 2144; x_wconf 88' lang='lat' dir='ltr'>po·</span> 
     </span>
    </p>
   </div>
   <div class='ocr_carea' id='block_1_4' title="bbox 1160 2156 2714 2247">
    <p class='ocr_par' dir='ltr' id='par_1_4' title="bbox 1160 2156 2714 2247">
     <span class='ocr_line' id='line_1_10' title="bbox 1160 2156 2714 2247; baseline 0.006 -32"><span class='ocrx_word' id='word_1_45' title='bbox 1160 2156 1783 2247; x_wconf 30' lang='lat' dir='ltr'>pulum‘Romanum</span> <span class='ocrx_word' id='word_1_46' title='bbox 1828 2160 2018 2241; x_wconf 77' lang='lat' dir='ltr'>regni</span> <span class='ocrx_word' id='word_1_47' title='bbox 2064 2157 2419 2220; x_wconf 82' lang='lat' dir='ltr'>haeredem</span> <span class='ocrx_word' id='word_1_48' title='bbox 2472 2181 2553 2222; x_wconf 79' lang='lat' dir='ltr'>ex</span> <span class='ocrx_word' id='word_1_49' title='bbox 2602 2175 2714 2237; x_wconf 33' lang='lat' dir='ltr'>test</span> 
     </span>
    </p>
   </div>
   <div class='ocr_carea' id='block_1_5' title="bbox 1133 2260 2693 3858">
    <p class='ocr_par' dir='ltr' id='par_1_5' title="bbox 1158 2260 2693 2525">
     <span class='ocr_line' id='line_1_11' title="bbox 1159 2260 2693 2342; baseline 0.004 -25"><span class='ocrx_word' id='word_1_50' title='bbox 1159 2272 1482 2321; x_wconf 79' lang='lat' dir='ltr'>stamento</span> <span class='ocrx_word' id='word_1_51' title='bbox 1528 2260 1818 2341; x_wconf 85' lang='lat' dir='ltr'>reliquit.</span> <span class='ocrx_word' id='word_1_52' title='bbox 1925 2260 2158 2342; x_wconf 83' lang='lat' dir='ltr'>Coepit</span> <span class='ocrx_word' id='word_1_53' title='bbox 2212 2277 2344 2321; x_wconf 84' lang='lat' dir='ltr'>tum</span> <span class='ocrx_word' id='word_1_54' title='bbox 2392 2260 2693 2341; x_wconf 75' lang='lat' dir='ltr'>Bithynia</span> 
     </span>
     <span class='ocr_line' id='line_1_12' title="bbox 1158 2360 2693 2445; baseline 0.004 -27"><span class='ocrx_word' id='word_1_55' title='bbox 1158 2378 1196 2418; x_wconf 87' lang='lat' dir='ltr'>a</span> <span class='ocrx_word' id='word_1_56' title='bbox 1265 2361 1405 2423; x_wconf 81' lang='lat' dir='ltr'>viro</span> <span class='ocrx_word' id='word_1_57' title='bbox 1456 2361 1560 2422; x_wconf 84' lang='lat' dir='ltr'>vel</span> <span class='ocrx_word' id='word_1_58' title='bbox 1604 2360 1967 2436; x_wconf 81' lang='lat' dir='ltr'>consulari,</span> <span class='ocrx_word' id='word_1_59' title='bbox 2027 2362 2132 2423; x_wconf 84' lang='lat' dir='ltr'>vel</span> <span class='ocrx_word' id='word_1_60' title='bbox 2196 2364 2529 2445; x_wconf 78' lang='lat' dir='ltr'>praetorio</span> <span class='ocrx_word' id='word_1_61' title='bbox 2578 2384 2693 2445; x_wconf 82' lang='lat' dir='ltr'>gu·</span> 
     </span>
     <span class='ocr_line' id='line_1_13' title="bbox 1159 2460 1447 2525; baseline 0.014 -4"><span class='ocrx_word' id='word_1_62' title='bbox 1159 2460 1447 2525; x_wconf 71' lang='lat' dir='ltr'>berneri.</span> 
     </span>
    </p>

    <p class='ocr_par' dir='ltr' id='par_1_6' title="bbox 1133 2563 2689 3858">
     <span class='ocr_line' id='line_1_14' title="bbox 1235 2563 2688 2649; baseline 0.003 -25"><span class='ocrx_word' id='word_1_63' title='bbox 1235 2564 1496 2624; x_wconf 74' lang='lat' dir='ltr'>Primus</span> <span class='ocrx_word' id='word_1_64' title='bbox 1574 2563 1984 2644; x_wconf 78' lang='lat' dir='ltr'>magistratus</span> <span class='ocrx_word' id='word_1_65' title='bbox 2056 2564 2420 2640; x_wconf 82' lang='lat' dir='ltr'>Romanus,</span> <span class='ocrx_word' id='word_1_66' title='bbox 2492 2587 2688 2649; x_wconf 87' lang='lat' dir='ltr'>quem</span> 
     </span>
     <span class='ocr_line' id='line_1_15' title="bbox 1147 2664 2689 2748; baseline 0.005 -26"><span class='ocrx_word' id='word_1_67' title='bbox 1147 2664 1493 2744; x_wconf 79' lang='lat' dir='ltr'>Bithyniae</span> <span class='ocrx_word' id='word_1_68' title='bbox 1530 2666 1706 2724; x_wconf 87' lang='lat' dir='ltr'>numi</span> <span class='ocrx_word' id='word_1_69' title='bbox 1749 2665 2069 2748; x_wconf 86' lang='lat' dir='ltr'>produnt,</span> <span class='ocrx_word' id='word_1_70' title='bbox 2131 2679 2231 2725; x_wconf 80' lang='lat' dir='ltr'>est</span> <span class='ocrx_word' id='word_1_71' title='bbox 2278 2668 2341 2727; x_wconf 80' lang='lat'>0.</span> <span class='ocrx_word' id='word_1_72' title='bbox 2390 2670 2689 2747; x_wconf 78' lang='lat' dir='ltr'>Papirius</span> 
     </span>
     <span class='ocr_line' id='line_1_16' title="bbox 1152 2764 2688 2848; baseline 0.003 -22"><span class='ocrx_word' id='word_1_73' title='bbox 1152 2768 1379 2829; x_wconf 80' lang='lat' dir='ltr'><em>Carbo.</em></span> <span class='ocrx_word' id='word_1_74' title='bbox 1422 2772 1583 2828; x_wconf 85' lang='lat' dir='ltr'>Sunt</span> <span class='ocrx_word' id='word_1_75' title='bbox 1614 2764 1681 2826; x_wconf 89' lang='lat' dir='ltr'>hi</span> <span class='ocrx_word' id='word_1_76' title='bbox 1714 2766 2067 2838; x_wconf 79' lang='lat' dir='ltr'><strong>autonomi,</strong></span> <span class='ocrx_word' id='word_1_77' title='bbox 2112 2779 2178 2827; x_wconf 87' lang='lat' dir='ltr'>et</span> <span class='ocrx_word' id='word_1_78' title='bbox 2209 2782 2477 2848; x_wconf 83' lang='lat' dir='ltr'>praeter</span> <span class='ocrx_word' id='word_1_79' title='bbox 2510 2770 2688 2831; x_wconf 84' lang='lat' dir='ltr'>urbis</span> 
     </span>
     <span class='ocr_line' id='line_1_17' title="bbox 1151 2862 2683 2938; baseline 0.005 -14"><span class='ocrx_word' id='word_1_80' title='bbox 1151 2886 1392 2929; x_wconf 77' lang='lat' dir='ltr'>nomen</span> <span class='ocrx_word' id='word_1_81' title='bbox 1429 2866 1822 2933; x_wconf 78' lang='lat' dir='ltr'>inscribunt:</span> <span class='ocrx_word' id='word_1_82' title='bbox 1870 2862 2172 2938; x_wconf 66' lang='lat' dir='ltr'>rator.</span> <span class='ocrx_word' id='word_1_83' title='bbox 2200 2863 2683 2938; x_wconf 77' lang='grc' dir='ltr'><strong>ΠΑΠΙΡΙΟΤ.</strong></span> 
     </span>
     <span class='ocr_line' id='line_1_18' title="bbox 1153 2964 2681 3052; baseline 0.005 -26"><span class='ocrx_word' id='word_1_84' title='bbox 1153 2964 1705 3029; x_wconf 73' lang='grc' dir='ltr'><strong>ΚΑΡΒΩΝΟΣ.</strong></span> <span class='ocrx_word' id='word_1_85' title='bbox 1769 2972 1990 3051; x_wconf 76' lang='lat' dir='ltr'>&#39;I‘ypus</span> <span class='ocrx_word' id='word_1_86' title='bbox 2027 2969 2274 3048; x_wconf 82' lang='lat' dir='ltr'>potior:</span> <span class='ocrx_word' id='word_1_87' title='bbox 2338 2974 2540 3032; x_wconf 80' lang='lat' dir='ltr'>Roma</span> <span class='ocrx_word' id='word_1_88' title='bbox 2566 2995 2681 3052; x_wconf 70' lang='lat' dir='ltr'>ya-</span> 
     </span>
     <span class='ocr_line' id='line_1_19' title="bbox 1145 3073 2682 3149; baseline 0.002 -19"><span class='ocrx_word' id='word_1_89' title='bbox 1145 3073 1324 3130; x_wconf 75' lang='lat' dir='ltr'>touta</span> <span class='ocrx_word' id='word_1_90' title='bbox 1366 3074 1588 3129; x_wconf 76' lang='lat' dir='ltr'>sedem</span> <span class='ocrx_word' id='word_1_91' title='bbox 1629 3074 1693 3133; x_wconf 78' lang='lat' dir='ltr'>d.</span> <span class='ocrx_word' id='word_1_92' title='bbox 1756 3073 2202 3144; x_wconf 59' lang='lat' dir='ltr'>Victor-solam,</span> <span class='ocrx_word' id='word_1_93' title='bbox 2278 3091 2329 3130; x_wconf 80' lang='lat' dir='ltr'>s.</span> <span class='ocrx_word' id='word_1_94' title='bbox 2396 3075 2682 3149; x_wconf 70' lang='lat' dir='ltr'>lia-team,</span> 
     </span>
     <span class='ocr_line' id='line_1_20' title="bbox 1143 3164 2682 3248; baseline 0.005 -20"><span class='ocrx_word' id='word_1_95' title='bbox 1143 3170 1769 3248; x_wconf 71' lang='lat' dir='ltr'>inseme·ccr1·ptum.·</span> <span class='ocrx_word' id='word_1_96' title='bbox 1816 3164 2132 3239; x_wconf 78' lang='grc' dir='ltr'>ΡΩΜΗ,</span> <span class='ocrx_word' id='word_1_97' title='bbox 2196 3169 2358 3232; x_wconf 79' lang='lat' dir='ltr'>Cum</span> <span class='ocrx_word' id='word_1_98' title='bbox 2396 3170 2521 3232; x_wconf 85' lang='lat' dir='ltr'>boc</span> <span class='ocrx_word' id='word_1_99' title='bbox 2552 3194 2682 3235; x_wconf 86' lang='lat' dir='ltr'>rna-</span> 
     </span>
     <span class='ocr_line' id='line_1_21' title="bbox 1144 3269 2674 3351; baseline 0.003 -24"><span class='ocrx_word' id='word_1_100' title='bbox 1144 3271 1420 3351; x_wconf 77' lang='lat' dir='ltr'>gistratu</span> <span class='ocrx_word' id='word_1_101' title='bbox 1461 3283 1606 3329; x_wconf 82' lang='lat' dir='ltr'>sunt</span> <span class='ocrx_word' id='word_1_102' title='bbox 1646 3271 1825 3331; x_wconf 88' lang='lat' dir='ltr'>numi</span> <span class='ocrx_word' id='word_1_103' title='bbox 1882 3269 2140 3330; x_wconf 87' lang='lat' dir='ltr'>urbium</span> <span class='ocrx_word' id='word_1_104' title='bbox 2190 3274 2514 3351; x_wconf 71' lang='lat' dir='ltr'>Bithynii,</span> <span class='ocrx_word' id='word_1_105' title='bbox 2562 3277 2674 3336; x_wconf 77' lang='grc' dir='ltr'><strong><em>Νι·-</em></strong></span> 
     </span>
     <span class='ocr_line' id='line_1_22' title="bbox 1140 3374 2680 3446; baseline 0.002 -14"><span class='ocrx_word' id='word_1_106' title='bbox 1140 3391 1375 3446; x_wconf 74' lang='grc' dir='ltr'><strong><em>σασασ,</em></strong></span> <span class='ocrx_word' id='word_1_107' title='bbox 1453 3375 1897 3443; x_wconf 75' lang='lat' dir='ltr'><strong><em>Nicomediae,</em></strong></span> <span class='ocrx_word' id='word_1_108' title='bbox 1974 3374 2248 3445; x_wconf 77' lang='lat' dir='ltr'>Prusae,</span> <span class='ocrx_word' id='word_1_109' title='bbox 2339 3389 2406 3434; x_wconf 91' lang='lat' dir='ltr'>et</span> <span class='ocrx_word' id='word_1_110' title='bbox 2492 3389 2680 3436; x_wconf 78' lang='lat' dir='ltr'>extra</span> 
     </span>
     <span class='ocr_line' id='line_1_23' title="bbox 1140 3470 2680 3551; baseline 0.003 -19"><span class='ocrx_word' id='word_1_111' title='bbox 1140 3470 1515 3551; x_wconf 77' lang='lat' dir='ltr'>Bithyniam</span> <span class='ocrx_word' id='word_1_112' title='bbox 1565 3473 1775 3533; x_wconf 71' lang='lat' dir='ltr'>Amisi</span> <span class='ocrx_word' id='word_1_113' title='bbox 1818 3471 2054 3545; x_wconf 80' lang='lat' dir='ltr'>Ponti,</span> <span class='ocrx_word' id='word_1_114' title='bbox 2102 3484 2169 3532; x_wconf 80' lang='lat' dir='ltr'>ct</span> <span class='ocrx_word' id='word_1_115' title='bbox 2228 3475 2509 3536; x_wconf 67' lang='lat' dir='ltr'>Martiae</span> <span class='ocrx_word' id='word_1_116' title='bbox 2561 3479 2680 3537; x_wconf 85' lang='lat' dir='ltr'>Pa-</span> 
     </span>
     <span class='ocr_line' id='line_1_24' title="bbox 1136 3571 2676 3658; baseline 0.004 -24"><span class='ocrx_word' id='word_1_117' title='bbox 1136 3571 1566 3655; x_wconf 81' lang='lat' dir='ltr'>phlagoniae,</span> <span class='ocrx_word' id='word_1_118' title='bbox 1614 3573 1697 3633; x_wconf 84' lang='lat' dir='ltr'>de</span> <span class='ocrx_word' id='word_1_119' title='bbox 1761 3573 1996 3655; x_wconf 78' lang='lat' dir='ltr'>quibus</span> <span class='ocrx_word' id='word_1_120' title='bbox 2055 3594 2174 3634; x_wconf 80' lang='lat' dir='ltr'>suo</span> <span class='ocrx_word' id='word_1_121' title='bbox 2230 3573 2382 3636; x_wconf 90' lang='lat' dir='ltr'>loco</span> <span class='ocrx_word' id='word_1_122' title='bbox 2441 3576 2676 3658; x_wconf 82' lang='lat' dir='ltr'>agitur.</span> 
     </span>
     <span class='ocr_line' id='line_1_25' title="bbox 1133 3672 2673 3754; baseline 0.001 -18"><span class='ocrx_word' id='word_1_123' title='bbox 1133 3675 1392 3754; x_wconf 77' lang='lat' dir='ltr'>Horum</span> <span class='ocrx_word' id='word_1_124' title='bbox 1495 3673 1833 3736; x_wconf 71' lang='lat' dir='ltr'>nonnullis</span> <span class='ocrx_word' id='word_1_125' title='bbox 1920 3672 2173 3754; x_wconf 87' lang='lat' dir='ltr'>epocha</span> <span class='ocrx_word' id='word_1_126' title='bbox 2257 3673 2673 3752; x_wconf 74' lang='lat' dir='ltr'>inscribitur,</span> 
     </span>
     <span class='ocr_line' id='line_1_26' title="bbox 1137 3773 2675 3858; baseline 0.003 -22"><span class='ocrx_word' id='word_1_127' title='bbox 1137 3793 1305 3858; x_wconf 84' lang='lat' dir='ltr'>quae</span> <span class='ocrx_word' id='word_1_128' title='bbox 1359 3776 1482 3838; x_wconf 85' lang='lat' dir='ltr'>fuit</span> <span class='ocrx_word' id='word_1_129' title='bbox 1541 3774 1919 3855; x_wconf 86' lang='lat' dir='ltr'>Bithynica‚</span> <span class='ocrx_word' id='word_1_130' title='bbox 1979 3787 2047 3835; x_wconf 85' lang='lat' dir='ltr'>et</span> <span class='ocrx_word' id='word_1_131' title='bbox 2120 3773 2385 3857; x_wconf 83' lang='lat' dir='ltr'>quidem</span> <span class='ocrx_word' id='word_1_132' title='bbox 2462 3779 2675 3840; x_wconf 89' lang='lat' dir='ltr'>numis</span> 
     </span>
    </p>
   </div>
   <div class='ocr_carea' id='block_1_6' title="bbox 1024 3867 2674 3945">
    <p class='ocr_par' dir='ltr' id='par_1_7' title="bbox 1024 3867 2674 3945">
     <span class='ocr_line' id='line_1_27' title="bbox 1024 3867 2674 3945; baseline 0.02 -34"><span class='ocrx_word' id='word_1_133' title='bbox 1024 3867 1063 3911; x_wconf 79' lang='lat'>.·</span> <span class='ocrx_word' id='word_1_134' title='bbox 1133 3875 1455 3940; x_wconf 48' lang='lat' dir='ltr'>Nicaeam</span> <span class='ocrx_word' id='word_1_135' title='bbox 1511 3872 1720 3939; x_wconf 74' lang='grc' dir='ltr'>ΒΚΣ,</span> <span class='ocrx_word' id='word_1_136' title='bbox 1783 3869 2027 3945; x_wconf 84' lang='grc' dir='ltr'><strong>ΔΚΣ.,</strong></span> <span class='ocrx_word' id='word_1_137' title='bbox 2108 3874 2533 3940; x_wconf 74' lang='lat' dir='ltr'>Nicomediae</span> <span class='ocrx_word' id='word_1_138' title='bbox 2606 3895 2674 3943; x_wconf 82' lang='lat' dir='ltr'>et</span> 
     </span>
    </p>
   </div>
   <div class='ocr_carea' id='block_1_7' title="bbox 2782 783 3521 911">
    <p class='ocr_par' dir='ltr' id='par_1_8' title="bbox 2782 783 3521 911">
     <span class='ocr_line' id='line_1_28' title="bbox 2782 783 3521 911; baseline -0.001 -2"><span class='ocrx_word' id='word_1_139' title='bbox 2782 783 3521 911; x_wconf 90' lang='lat' dir='ltr'><strong>YNIA.</strong></span> 
     </span>
    </p>
   </div>
   <div class='ocr_carea' id='block_1_8' title="bbox 3806 1087 3914 1151">
    <p class='ocr_par' dir='ltr' id='par_1_9' title="bbox 3806 1087 3914 1151">
     <span class='ocr_line' id='line_1_29' title="bbox 3806 1087 3914 1151; baseline 0 0"><span class='ocrx_word' id='word_1_140' title='bbox 3806 1087 3864 1129; x_wconf 45' lang='lat' dir='ltr'>Q</span> <span class='ocrx_word' id='word_1_141' title='bbox 3909 1146 3914 1151; x_wconf 84' lang='lat'><strong>.</strong></span> 
     </span>
    </p>
   </div>
   <div class='ocr_carea' id='block_1_9' title="bbox 2768 1244 4309 1941">
    <p class='ocr_par' dir='ltr' id='par_1_10' title="bbox 2768 1244 4309 1941">
     <span class='ocr_line' id='line_1_30' title="bbox 2769 1244 4295 1333; baseline -0.002 -21"><span class='ocrx_word' id='word_1_142' title='bbox 2769 1249 2973 1313; x_wconf 81' lang='lat' dir='ltr'>fuisse</span> <span class='ocrx_word' id='word_1_143' title='bbox 3032 1249 3440 1331; x_wconf 61' lang='lat' dir='ltr'>Bithyniae„</span> <span class='ocrx_word' id='word_1_144' title='bbox 3483 1244 3776 1333; x_wconf 78' lang='lat' dir='ltr'>prodidit</span> <span class='ocrx_word' id='word_1_145' title='bbox 3829 1245 3962 1309; x_wconf 90' lang='lat' dir='ltr'>Dio</span> <span class='ocrx_word' id='word_1_146' title='bbox 4039 1248 4121 1323; x_wconf 76' lang='lat' dir='ltr'>ad</span> <span class='ocrx_word' id='word_1_147' title='bbox 4180 1268 4295 1311; x_wconf 80' lang='lat' dir='ltr'>an·</span> 
     </span>
     <span class='ocr_line' id='line_1_31' title="bbox 2772 1347 4309 1433; baseline -0.001 -21"><span class='ocrx_word' id='word_1_148' title='bbox 2772 1372 2928 1413; x_wconf 88' lang='lat' dir='ltr'>num</span> <span class='ocrx_word' id='word_1_149' title='bbox 2975 1354 3051 1418; x_wconf 83' lang='lat' dir='ltr'>V.</span> <span class='ocrx_word' id='word_1_150' title='bbox 3087 1354 3162 1414; x_wconf 94' lang='lat' dir='ltr'>C.</span> <span class='ocrx_word' id='word_1_151' title='bbox 3190 1350 3336 1433; x_wconf 73' lang='lat'><strong>687.</strong></span> <span class='ocrx_word' id='word_1_152' title='bbox 3420 1351 3549 1413; x_wconf 89' lang='lat' dir='ltr'>Hic</span> <span class='ocrx_word' id='word_1_153' title='bbox 3593 1368 3739 1410; x_wconf 87' lang='lat' dir='ltr'>cnm</span> <span class='ocrx_word' id='word_1_154' title='bbox 3785 1347 4045 1431; x_wconf 80' lang='lat' dir='ltr'>prolixe</span> <span class='ocrx_word' id='word_1_155' title='bbox 4088 1369 4309 1412; x_wconf 84' lang='lat' dir='ltr'>narra·</span> 
     </span>
     <span class='ocr_line' id='line_1_32' title="bbox 2770 1448 4288 1533; baseline 0 -22"><span class='ocrx_word' id='word_1_156' title='bbox 2770 1465 2909 1527; x_wconf 88' lang='lat' dir='ltr'>ret,</span> <span class='ocrx_word' id='word_1_157' title='bbox 2957 1473 3249 1533; x_wconf 82' lang='lat' dir='ltr'>magnam</span> <span class='ocrx_word' id='word_1_158' title='bbox 3293 1452 3495 1519; x_wconf 72' lang='lat' dir='ltr'>fuisse</span> <span class='ocrx_word' id='word_1_159' title='bbox 3541 1469 3618 1512; x_wconf 87' lang='lat' dir='ltr'>ea</span> <span class='ocrx_word' id='word_1_160' title='bbox 3682 1463 3890 1511; x_wconf 79' lang='lat' dir='ltr'>aetate</span> <span class='ocrx_word' id='word_1_161' title='bbox 3952 1448 4141 1529; x_wconf 67' lang='lat' dir='ltr'>(ta-m</span> <span class='ocrx_word' id='word_1_162' title='bbox 4182 1474 4288 1511; x_wconf 70' lang='grc' dir='ltr'>τον</span> 
     </span>
     <span class='ocr_line' id='line_1_33' title="bbox 2770 1549 4301 1636; baseline -0.001 -24"><span class='ocrx_word' id='word_1_163' title='bbox 2770 1572 2977 1635; x_wconf 68' lang='grc' dir='ltr'><em>χρονον</em></span> <span class='ocrx_word' id='word_1_164' title='bbox 3024 1551 3266 1636; x_wconf 68' lang='lat' dir='ltr'>c’umoe)</span> <span class='ocrx_word' id='word_1_165' title='bbox 3325 1551 3636 1616; x_wconf 77' lang='lat' dir='ltr'>Romanis</span> <span class='ocrx_word' id='word_1_166' title='bbox 3707 1549 3976 1611; x_wconf 86' lang='lat' dir='ltr'>inditam</span> <span class='ocrx_word' id='word_1_167' title='bbox 4055 1570 4301 1626; x_wconf 85' lang='lat' dir='ltr'>curam,</span> 
     </span>
     <span class='ocr_line' id='line_1_34' title="bbox 2771 1640 4304 1739; baseline 0 -27"><span class='ocrx_word' id='word_1_168' title='bbox 2771 1640 2854 1713; x_wconf 81' lang='lat' dir='ltr'>ne</span> <span class='ocrx_word' id='word_1_169' title='bbox 2889 1653 3030 1739; x_wconf 57' lang='lat' dir='ltr'>quib</span> <span class='ocrx_word' id='word_1_170' title='bbox 3062 1656 3517 1736; x_wconf 78' lang='lat' dir='ltr'>largitionibus</span> <span class='ocrx_word' id='word_1_171' title='bbox 3569 1652 3869 1736; x_wconf 78' lang='lat' dir='ltr'>pervium</span> <span class='ocrx_word' id='word_1_172' title='bbox 3915 1669 3986 1711; x_wconf 77' lang='lat' dir='ltr'>se</span> <span class='ocrx_word' id='word_1_173' title='bbox 4029 1651 4304 1734; x_wconf 81' lang='lat' dir='ltr'>praebe·</span> 
     </span>
     <span class='ocr_line' id='line_1_35' title="bbox 2768 1752 4295 1838; baseline 0.001 -24"><span class='ocrx_word' id='word_1_174' title='bbox 2768 1768 2907 1829; x_wconf 87' lang='lat' dir='ltr'>ret,</span> <span class='ocrx_word' id='word_1_175' title='bbox 2971 1755 3112 1838; x_wconf 81' lang='lat' dir='ltr'>ejus</span> <span class='ocrx_word' id='word_1_176' title='bbox 3163 1755 3377 1819; x_wconf 81' lang='lat' dir='ltr'>adfert</span> <span class='ocrx_word' id='word_1_177' title='bbox 3426 1754 3800 1833; x_wconf 83' lang='lat' dir='ltr'>exemplum</span> <span class='ocrx_word' id='word_1_178' title='bbox 3851 1752 4295 1816; x_wconf 72' lang='lat' dir='ltr'>luculentum</span> 
     </span>
     <span class='ocr_line' id='line_1_36' title="bbox 2768 1853 4300 1941; baseline 0 -26"><span class='ocrx_word' id='word_1_179' title='bbox 2768 1857 2859 1920; x_wconf 87' lang='grc' dir='ltr'>Μ.</span> <span class='ocrx_word' id='word_1_180' title='bbox 2926 1859 3182 1919; x_wconf 81' lang='lat' dir='ltr'>Cottam</span> <span class='ocrx_word' id='word_1_181' title='bbox 3238 1878 3276 1920; x_wconf 88' lang='lat' dir='ltr'>e</span> <span class='ocrx_word' id='word_1_182' title='bbox 3336 1855 3673 1941; x_wconf 82' lang='lat' dir='ltr'>provincia</span> <span class='ocrx_word' id='word_1_183' title='bbox 3729 1853 4032 1934; x_wconf 77' lang='lat' dir='ltr'>Bithynia</span> <span class='ocrx_word' id='word_1_184' title='bbox 4107 1855 4300 1916; x_wconf 82' lang='lat' dir='ltr'>redu-</span> 
     </span>
    </p>
   </div>
   <div class='ocr_carea' id='block_1_10' title="bbox 2721 1953 4300 2037">
    <p class='ocr_par' dir='ltr' id='par_1_11' title="bbox 2721 1953 4300 2037">
     <span class='ocr_line' id='line_1_37' title="bbox 2721 1953 4300 2037; baseline 0 -19"><span class='ocrx_word' id='word_1_185' title='bbox 2721 1965 2913 2018; x_wconf 84' lang='lat' dir='ltr'>‘cem</span> <span class='ocrx_word' id='word_1_186' title='bbox 2954 1978 2987 2018; x_wconf 81' lang='lat' dir='ltr'>a</span> <span class='ocrx_word' id='word_1_187' title='bbox 3047 1959 3123 2026; x_wconf 73' lang='lat' dir='ltr'>C.</span> <span class='ocrx_word' id='word_1_188' title='bbox 3177 1958 3475 2021; x_wconf 75' lang='lat' dir='ltr'>Carbone</span> <span class='ocrx_word' id='word_1_189' title='bbox 3530 1953 4037 2037; x_wconf 67' lang='lat' dir='ltr'>repetunflarum</span> <span class='ocrx_word' id='word_1_190' title='bbox 4099 1955 4300 2018; x_wconf 70' lang='lat' dir='ltr'>fuisse</span> 
     </span>
    </p>
   </div>
   <div class='ocr_carea' id='block_1_11' title="bbox 2748 2055 4300 3961">
    <p class='ocr_par' dir='ltr' id='par_1_12' title="bbox 2748 2055 4300 3864">
     <span class='ocr_line' id='line_1_38' title="bbox 2766 2055 4299 2141; baseline -0.003 -20"><span class='ocrx_word' id='word_1_191' title='bbox 2766 2074 3169 2136; x_wconf 82' lang='lat' dir='ltr'>accusatum,</span> <span class='ocrx_word' id='word_1_192' title='bbox 3233 2059 3409 2141; x_wconf 81' lang='lat' dir='ltr'>quod</span> <span class='ocrx_word' id='word_1_193' title='bbox 3459 2056 3622 2118; x_wconf 88' lang='lat' dir='ltr'>adeo</span> <span class='ocrx_word' id='word_1_194' title='bbox 3672 2055 3916 2139; x_wconf 83' lang='lat' dir='ltr'>placuit</span> <span class='ocrx_word' id='word_1_195' title='bbox 3968 2056 4299 2129; x_wconf 86' lang='lat' dir='ltr'>Romanis,</span> 
     </span>
     <span class='ocr_line' id='line_1_39' title="bbox 2767 2159 4292 2237; baseline -0.001 -18"><span class='ocrx_word' id='word_1_196' title='bbox 2767 2173 2835 2220; x_wconf 84' lang='lat' dir='ltr'>ut</span> <span class='ocrx_word' id='word_1_197' title='bbox 2879 2159 3085 2237; x_wconf 88' lang='lat' dir='ltr'>hunc,</span> <span class='ocrx_word' id='word_1_198' title='bbox 3150 2163 3274 2224; x_wconf 80' lang='lat' dir='ltr'>etsi</span> <span class='ocrx_word' id='word_1_199' title='bbox 3320 2159 3669 2221; x_wconf 87' lang='lat' dir='ltr'>tribunicio</span> <span class='ocrx_word' id='word_1_200' title='bbox 3715 2171 3958 2217; x_wconf 85' lang='lat' dir='ltr'>tantum</span> <span class='ocrx_word' id='word_1_201' title='bbox 4019 2175 4292 2218; x_wconf 87' lang='lat' dir='ltr'>munere</span> 
     </span>
     <span class='ocr_line' id='line_1_40' title="bbox 2765 2257 4300 2337; baseline -0.003 -14"><span class='ocrx_word' id='word_1_202' title='bbox 2765 2262 3103 2337; x_wconf 86' lang='lat' dir='ltr'>functum,</span> <span class='ocrx_word' id='word_1_203' title='bbox 3168 2261 3618 2325; x_wconf 78' lang='lat' dir='ltr'>consularibus</span> <span class='ocrx_word' id='word_1_204' title='bbox 3672 2257 4034 2321; x_wconf 79' lang='lat' dir='ltr'>honoribus</span> <span class='ocrx_word' id='word_1_205' title='bbox 4109 2278 4300 2320; x_wconf 85' lang='lat' dir='ltr'>exor-</span> 
     </span>
     <span class='ocr_line' id='line_1_41' title="bbox 2766 2359 4295 2442; baseline -0.002 -19"><span class='ocrx_word' id='word_1_206' title='bbox 2766 2379 2974 2428; x_wconf 89' lang='lat' dir='ltr'>naret.</span> <span class='ocrx_word' id='word_1_207' title='bbox 3064 2370 3146 2426; x_wconf 82' lang='lat' dir='ltr'>At</span> <span class='ocrx_word' id='word_1_208' title='bbox 3208 2382 3364 2426; x_wconf 73' lang='lat' dir='ltr'>vero</span> <span class='ocrx_word' id='word_1_209' title='bbox 3426 2360 3597 2421; x_wconf 88' lang='lat' dir='ltr'>hunc</span> <span class='ocrx_word' id='word_1_210' title='bbox 3656 2360 3866 2442; x_wconf 76' lang='lat' dir='ltr'>ipsum</span> <span class='ocrx_word' id='word_1_211' title='bbox 3928 2359 4295 2421; x_wconf 78' lang='lat' dir='ltr'>Carbonem</span> 
     </span>
     <span class='ocr_line' id='line_1_42' title="bbox 2760 2460 4295 2543; baseline 0.001 -20"><span class='ocrx_word' id='word_1_212' title='bbox 2760 2468 2966 2524; x_wconf 67' lang='lat' dir='ltr'>serius</span> <span class='ocrx_word' id='word_1_213' title='bbox 3012 2460 3269 2543; x_wconf 61' lang='lat' dir='ltr'>(aig-ego»)</span> <span class='ocrx_word' id='word_1_214' title='bbox 3317 2461 3532 2524; x_wconf 82' lang='lat' dir='ltr'>eidem</span> <span class='ocrx_word' id='word_1_215' title='bbox 3575 2461 3917 2540; x_wconf 85' lang='lat' dir='ltr'>Bithyniae</span> <span class='ocrx_word' id='word_1_216' title='bbox 3962 2461 4295 2542; x_wconf 80' lang='lat' dir='ltr'>regendae</span> 
     </span>
     <span class='ocr_line' id='line_1_43' title="bbox 2761 2561 4291 2639; baseline 0.001 -15"><span class='ocrx_word' id='word_1_217' title='bbox 2761 2563 3127 2639; x_wconf 82' lang='lat' dir='ltr'>admotum,</span> <span class='ocrx_word' id='word_1_218' title='bbox 3203 2585 3348 2627; x_wconf 89' lang='lat' dir='ltr'>cum</span> <span class='ocrx_word' id='word_1_219' title='bbox 3416 2561 3622 2624; x_wconf 83' lang='lat' dir='ltr'>nihilo</span> <span class='ocrx_word' id='word_1_220' title='bbox 3686 2561 4082 2623; x_wconf 80' lang='lat' dir='ltr'>moderatius</span> <span class='ocrx_word' id='word_1_221' title='bbox 4145 2583 4291 2625; x_wconf 74' lang='lat' dir='ltr'>aesc</span> 
     </span>
     <span class='ocr_line' id='line_1_44' title="bbox 2763 2660 4288 2745; baseline -0.001 -21"><span class='ocrx_word' id='word_1_222' title='bbox 2763 2677 3059 2745; x_wconf 83' lang='lat' dir='ltr'>gereret,</span> <span class='ocrx_word' id='word_1_223' title='bbox 3108 2666 3391 2728; x_wconf 82' lang='lat' dir='ltr'>vicissim</span> <span class='ocrx_word' id='word_1_224' title='bbox 3434 2685 3470 2724; x_wconf 89' lang='lat' dir='ltr'>a</span> <span class='ocrx_word' id='word_1_225' title='bbox 3513 2660 3742 2724; x_wconf 85' lang='lat' dir='ltr'>Cottae</span> <span class='ocrx_word' id='word_1_226' title='bbox 3785 2660 3924 2727; x_wconf 83' lang='lat' dir='ltr'>filio</span> <span class='ocrx_word' id='word_1_227' title='bbox 3961 2663 4167 2727; x_wconf 80' lang='lat' dir='ltr'>fuisse</span> <span class='ocrx_word' id='word_1_228' title='bbox 4227 2667 4288 2723; x_wconf 89' lang='lat' dir='ltr'>in</span> 
     </span>
     <span class='ocr_line' id='line_1_45' title="bbox 2760 2764 4286 2846; baseline 0.001 -21"><span class='ocrx_word' id='word_1_229' title='bbox 2760 2764 2861 2844; x_wconf 70' lang='lat' dir='ltr'>jus</span> <span class='ocrx_word' id='word_1_230' title='bbox 2922 2779 3259 2841; x_wconf 85' lang='lat' dir='ltr'>vocatum,</span> <span class='ocrx_word' id='word_1_231' title='bbox 3317 2775 3386 2825; x_wconf 86' lang='lat' dir='ltr'>et</span> <span class='ocrx_word' id='word_1_232' title='bbox 3455 2768 3641 2825; x_wconf 80' lang='lat' dir='ltr'>reum</span> <span class='ocrx_word' id='word_1_233' title='bbox 3699 2778 4062 2846; x_wconf 85' lang='lat' dir='ltr'>peractum.</span> <span class='ocrx_word' id='word_1_234' title='bbox 4169 2765 4286 2827; x_wconf 80' lang='lat' dir='ltr'>His</span> 
     </span>
     <span class='ocr_line' id='line_1_46' title="bbox 2760 2865 4286 2951; baseline 0.001 -23"><span class='ocrx_word' id='word_1_235' title='bbox 2760 2868 2991 2928; x_wconf 80' lang='lat' dir='ltr'>Dionis</span> <span class='ocrx_word' id='word_1_236' title='bbox 3040 2866 3254 2929; x_wconf 77' lang='lat' dir='ltr'>verbis</span> <span class='ocrx_word' id='word_1_237' title='bbox 3300 2867 3616 2929; x_wconf 83' lang='lat' dir='ltr'>docemur</span> <span class='ocrx_word' id='word_1_238' title='bbox 3659 2865 3960 2951; x_wconf 86' lang='lat' dir='ltr'>quidem,</span> <span class='ocrx_word' id='word_1_239' title='bbox 4016 2868 4087 2931; x_wconf 91' lang='lat' dir='ltr'>C.</span> <span class='ocrx_word' id='word_1_240' title='bbox 4137 2870 4286 2930; x_wconf 84' lang='lat' dir='ltr'>Car·</span> 
     </span>
     <span class='ocr_line' id='line_1_47' title="bbox 2755 2967 4283 3049; baseline 0.004 -22"><span class='ocrx_word' id='word_1_241' title='bbox 2755 2967 2992 3030; x_wconf 89' lang='lat' dir='ltr'>bonem</span> <span class='ocrx_word' id='word_1_242' title='bbox 3054 2969 3258 3031; x_wconf 78' lang='lat' dir='ltr'>fuisse</span> <span class='ocrx_word' id='word_1_243' title='bbox 3315 2969 3382 3029; x_wconf 91' lang='lat' dir='ltr'>in</span> <span class='ocrx_word' id='word_1_244' title='bbox 3440 2969 3776 3049; x_wconf 82' lang='lat' dir='ltr'>Bithynia,</span> <span class='ocrx_word' id='word_1_245' title='bbox 3837 2988 4066 3030; x_wconf 78' lang='lat' dir='ltr'>verum</span> <span class='ocrx_word' id='word_1_246' title='bbox 4138 2990 4283 3033; x_wconf 83' lang='lat' dir='ltr'>cum</span> 
     </span>
     <span class='ocr_line' id='line_1_48' title="bbox 2757 3068 4282 3150; baseline 0.004 -20"><span class='ocrx_word' id='word_1_247' title='bbox 2757 3068 2973 3130; x_wconf 84' lang='lat' dir='ltr'>verbis</span> <span class='ocrx_word' id='word_1_248' title='bbox 3033 3072 3214 3150; x_wconf 80' lang='lat' dir='ltr'>vagis</span> <span class='ocrx_word' id='word_1_249' title='bbox 3271 3084 3524 3131; x_wconf 78' lang='lat' dir='ltr'>utatur:</span> <span class='ocrx_word' id='word_1_250' title='bbox 3594 3088 3675 3131; x_wconf 81' lang='lat' dir='ltr'>ea</span> <span class='ocrx_word' id='word_1_251' title='bbox 3734 3082 3982 3148; x_wconf 77' lang='lat' dir='ltr'>aetate,</span> <span class='ocrx_word' id='word_1_252' title='bbox 4040 3077 4282 3147; x_wconf 75' lang='lat' dir='ltr'>serim,</span> 
     </span>
     <span class='ocr_line' id='line_1_49' title="bbox 2753 3170 4278 3256; baseline 0.004 -26"><span class='ocrx_word' id='word_1_253' title='bbox 2753 3190 2920 3253; x_wconf 86' lang='lat' dir='ltr'>quae</span> <span class='ocrx_word' id='word_1_254' title='bbox 2959 3170 3183 3252; x_wconf 84' lang='lat' dir='ltr'>plures</span> <span class='ocrx_word' id='word_1_255' title='bbox 3213 3194 3416 3235; x_wconf 87' lang='lat' dir='ltr'>annos</span> <span class='ocrx_word' id='word_1_256' title='bbox 3447 3185 3720 3256; x_wconf 79' lang='lat' dir='ltr'>possunt</span> <span class='ocrx_word' id='word_1_257' title='bbox 3750 3172 4137 3253; x_wconf 86' lang='lat' dir='ltr'>complecti,</span> <span class='ocrx_word' id='word_1_258' title='bbox 4199 3175 4278 3236; x_wconf 82' lang='lat' dir='ltr'>de</span> 
     </span>
     <span class='ocr_line' id='line_1_50' title="bbox 2752 3270 4277 3348; baseline 0.005 -18"><span class='ocrx_word' id='word_1_259' title='bbox 2752 3290 2920 3332; x_wconf 85' lang='lat' dir='ltr'>anno</span> <span class='ocrx_word' id='word_1_260' title='bbox 2954 3270 3219 3338; x_wconf 87' lang='lat' dir='ltr'>definite</span> <span class='ocrx_word' id='word_1_261' title='bbox 3253 3294 3382 3335; x_wconf 85' lang='lat' dir='ltr'>non</span> <span class='ocrx_word' id='word_1_262' title='bbox 3421 3286 3692 3340; x_wconf 85' lang='lat' dir='ltr'>constat.</span> <span class='ocrx_word' id='word_1_263' title='bbox 3795 3272 4146 3348; x_wconf 76' lang='lat' dir='ltr'>Novimus,</span> <span class='ocrx_word' id='word_1_264' title='bbox 4191 3279 4277 3338; x_wconf 73' lang='lat' dir='ltr'>M.</span> 
     </span>
     <span class='ocr_line' id='line_1_51' title="bbox 2751 3372 4279 3449; baseline 0.003 -15"><span class='ocrx_word' id='word_1_265' title='bbox 2751 3373 3005 3434; x_wconf 86' lang='lat' dir='ltr'>Cottam</span> <span class='ocrx_word' id='word_1_266' title='bbox 3051 3372 3255 3436; x_wconf 80' lang='lat' dir='ltr'>fuisse</span> <span class='ocrx_word' id='word_1_267' title='bbox 3305 3374 3641 3436; x_wconf 84' lang='lat' dir='ltr'>consulem</span> <span class='ocrx_word' id='word_1_268' title='bbox 3703 3374 3785 3439; x_wconf 88' lang='lat' dir='ltr'>V.</span> <span class='ocrx_word' id='word_1_269' title='bbox 3829 3374 3907 3437; x_wconf 92' lang='lat' dir='ltr'>C.</span> <span class='ocrx_word' id='word_1_270' title='bbox 3951 3375 4139 3449; x_wconf 60' lang='lat'>680„</span> <span class='ocrx_word' id='word_1_271' title='bbox 4213 3391 4279 3439; x_wconf 88' lang='lat' dir='ltr'>ct</span> 
     </span>
     <span class='ocr_line' id='line_1_52' title="bbox 2751 3474 4273 3560; baseline 0.001 -25"><span class='ocrx_word' id='word_1_272' title='bbox 2751 3495 2921 3537; x_wconf 81' lang='lat' dir='ltr'>anno</span> <span class='ocrx_word' id='word_1_273' title='bbox 2958 3488 3271 3560; x_wconf 84' lang='lat' dir='ltr'>sequente</span> <span class='ocrx_word' id='word_1_274' title='bbox 3305 3477 3558 3537; x_wconf 76' lang='lat' dir='ltr'>rexisse</span> <span class='ocrx_word' id='word_1_275' title='bbox 3590 3474 4016 3555; x_wconf 83' lang='lat' dir='ltr'>Bithyniam..</span> <span class='ocrx_word' id='word_1_276' title='bbox 4058 3477 4273 3560; x_wconf 80' lang='lat' dir='ltr'>(Pigh.</span> 
     </span>
     <span class='ocr_line' id='line_1_53' title="bbox 2754 3570 4278 3659; baseline 0.003 -22"><span class='ocrx_word' id='word_1_277' title='bbox 2754 3577 3004 3655; x_wconf 77' lang='lat' dir='ltr'>Sigon.)</span> <span class='ocrx_word' id='word_1_278' title='bbox 3062 3579 3157 3638; x_wconf 84' lang='lat' dir='ltr'>Ex</span> <span class='ocrx_word' id='word_1_279' title='bbox 3209 3577 3393 3639; x_wconf 81' lang='lat' dir='ltr'>annis</span> <span class='ocrx_word' id='word_1_280' title='bbox 3429 3570 3642 3641; x_wconf 82' lang='grc' dir='ltr'><strong>ΒΚΣ.</strong></span> <span class='ocrx_word' id='word_1_281' title='bbox 3690 3591 3756 3638; x_wconf 91' lang='lat' dir='ltr'>et</span> <span class='ocrx_word' id='word_1_282' title='bbox 3798 3571 4007 3639; x_wconf 83' lang='grc' dir='ltr'><strong>ΔΚΣ.</strong></span> <span class='ocrx_word' id='word_1_283' title='bbox 4086 3598 4278 3659; x_wconf 85' lang='lat' dir='ltr'>appa·</span> 
     </span>
     <span class='ocr_line' id='line_1_54' title="bbox 2748 3677 4271 3760; baseline 0.003 -25"><span class='ocrx_word' id='word_1_284' title='bbox 2748 3690 2888 3750; x_wconf 86' lang='lat' dir='ltr'>ret,</span> <span class='ocrx_word' id='word_1_285' title='bbox 2948 3677 3233 3740; x_wconf 86' lang='lat' dir='ltr'>Carboni</span> <span class='ocrx_word' id='word_1_286' title='bbox 3282 3680 3511 3742; x_wconf 78' lang='lat' dir='ltr'>saltem</span> <span class='ocrx_word' id='word_1_287' title='bbox 3553 3678 3623 3739; x_wconf 89' lang='lat' dir='ltr'>in</span> <span class='ocrx_word' id='word_1_288' title='bbox 3663 3677 3997 3740; x_wconf 87' lang='lat' dir='ltr'>biennium</span> <span class='ocrx_word' id='word_1_289' title='bbox 4047 3697 4271 3760; x_wconf 89' lang='lat' dir='ltr'>proro-</span> 
     </span>
     <span class='ocr_line' id='line_1_55' title="bbox 2748 3774 3856 3864; baseline 0.005 -25"><span class='ocrx_word' id='word_1_290' title='bbox 2748 3793 2957 3861; x_wconf 82' lang='lat' dir='ltr'>gatam</span> <span class='ocrx_word' id='word_1_291' title='bbox 2988 3780 3413 3864; x_wconf 71' lang='lat' dir='ltr'>provinciam.</span> <span class='ocrx_word' id='word_1_292' title='bbox 3770 3774 3778 3782; x_wconf 41' lang='lat'><strong>³</strong></span> <span class='ocrx_word' id='word_1_293' title='bbox 3851 3791 3856 3798; x_wconf 82' lang='lat'>&#39;</span> 
     </span>
    </p>

    <p class='ocr_par' dir='ltr' id='par_1_13' title="bbox 2831 3880 4268 3961">
     <span class='ocr_line' id='line_1_56' title="bbox 2831 3880 4268 3961; baseline 0.003 -20"><span class='ocrx_word' id='word_1_294' title='bbox 2831 3883 3018 3943; x_wconf 83' lang='lat' dir='ltr'>Alter</span> <span class='ocrx_word' id='word_1_295' title='bbox 3055 3897 3154 3945; x_wconf 86' lang='lat' dir='ltr'>est</span> <span class='ocrx_word' id='word_1_296' title='bbox 3182 3887 3243 3945; x_wconf 85' lang='lat' dir='ltr'>C.</span> <span class='ocrx_word' id='word_1_297' title='bbox 3283 3885 3509 3944; x_wconf 74' lang='lat' dir='ltr'>Vibius</span> <span class='ocrx_word' id='word_1_298' title='bbox 3525 3885 3741 3944; x_wconf 73' lang='lat' dir='ltr'>Pansa</span> <span class='ocrx_word' id='word_1_299' title='bbox 3772 3880 3837 3941; x_wconf 91' lang='lat' dir='ltr'>in</span> <span class='ocrx_word' id='word_1_300' title='bbox 3868 3881 4083 3944; x_wconf 76' lang='lat' dir='ltr'>numi&#39;s</span> <span class='ocrx_word' id='word_1_301' title='bbox 4101 3884 4268 3961; x_wconf 78' lang='lat' dir='ltr'>Apa·</span> 
     </span>
    </p>
   </div>
   <div class='ocr_carea' id='block_1_12' title="bbox 1129 3968 4265 4173">
    <p class='ocr_par' dir='ltr' id='par_1_14' title="bbox 1129 3968 4265 4173">
     <span class='ocr_line' id='line_1_57' title="bbox 1138 3968 4262 4063; baseline 0.002 -25"><span class='ocrx_word' id='word_1_302' title='bbox 1138 3979 1380 4038; x_wconf 78' lang='lat' dir='ltr'>Prusae</span> <span class='ocrx_word' id='word_1_303' title='bbox 1426 3968 1638 4038; x_wconf 83' lang='grc' dir='ltr'><strong>ΔΚΣ.</strong></span> <span class='ocrx_word' id='word_1_304' title='bbox 1686 3974 1944 4034; x_wconf 83' lang='lat' dir='ltr'>Amisus</span> <span class='ocrx_word' id='word_1_305' title='bbox 1988 3989 2057 4037; x_wconf 86' lang='lat' dir='ltr'>et</span> <span class='ocrx_word' id='word_1_306' title='bbox 2100 3978 2332 4039; x_wconf 73' lang='lat' dir='ltr'>Mastia</span> <span class='ocrx_word' id='word_1_307' title='bbox 2366 3998 2442 4040; x_wconf 84' lang='lat' dir='ltr'>ea</span> <span class='ocrx_word' id='word_1_308' title='bbox 2476 3978 2672 4043; x_wconf 71' lang='lat' dir='ltr'>abati·</span> <span class='ocrx_word' id='word_1_309' title='bbox 2740 4003 2919 4044; x_wconf 78' lang='lat' dir='ltr'>meae</span> <span class='ocrx_word' id='word_1_310' title='bbox 2997 3987 3320 4063; x_wconf 73' lang='lat' dir='ltr'>Myrtoae,</span> <span class='ocrx_word' id='word_1_311' title='bbox 3395 3994 3464 4043; x_wconf 84' lang='lat' dir='ltr'>et</span> <span class='ocrx_word' id='word_1_312' title='bbox 3545 3986 3995 4045; x_wconf 65' lang='lat' dir='ltr'>Nicomediam</span> <span class='ocrx_word' id='word_1_313' title='bbox 4075 3978 4262 4047; x_wconf 73' lang='lat'>1⁴:111.</span> 
     </span>
     <span class='ocr_line' id='line_1_58' title="bbox 1129 4075 4265 4173; baseline 0.003 -34"><span class='ocrx_word' id='word_1_314' title='bbox 1129 4092 1327 4150; x_wconf 88' lang='lat' dir='ltr'>nent,</span> <span class='ocrx_word' id='word_1_315' title='bbox 1405 4076 1712 4159; x_wconf 86' lang='lat' dir='ltr'>quoniam</span> <span class='ocrx_word' id='word_1_316' title='bbox 1783 4085 1968 4135; x_wconf 84' lang='lat' dir='ltr'>extra</span> <span class='ocrx_word' id='word_1_317' title='bbox 2040 4076 2410 4158; x_wconf 84' lang='lat' dir='ltr'>Bithyniam</span> <span class='ocrx_word' id='word_1_318' title='bbox 2485 4083 2668 4161; x_wconf 80' lang='lat' dir='ltr'>sitae,</span> <span class='ocrx_word' id='word_1_319' title='bbox 2737 4075 4265 4173; x_wconf 62' lang='lat' dir='ltr'>PAIOT.0T1310T,11AN2A.Inscriban-</span> 
     </span>
    </p>
   </div>
   <div class='ocr_carea' id='block_1_13' title="bbox 986 4174 4259 4268">
    <p class='ocr_par' dir='ltr' id='par_1_15' title="bbox 986 4174 4259 4268">
     <span class='ocr_line' id='line_1_59' title="bbox 986 4174 4259 4268; baseline 0.005 -30"><span class='ocrx_word' id='word_1_320' title='bbox 986 4239 999 4252; x_wconf 61' lang='grc'><strong><em>,</em></strong></span> <span class='ocrx_word' id='word_1_321' title='bbox 1127 4190 1321 4261; x_wconf 81' lang='lat' dir='ltr'>atque</span> <span class='ocrx_word' id='word_1_322' title='bbox 1354 4176 1516 4238; x_wconf 83' lang='lat' dir='ltr'>adeo</span> <span class='ocrx_word' id='word_1_323' title='bbox 1560 4174 1702 4259; x_wconf 79' lang='lat' dir='ltr'>ejus</span> <span class='ocrx_word' id='word_1_324' title='bbox 1734 4175 1985 4256; x_wconf 84' lang='lat' dir='ltr'>epocha</span> <span class='ocrx_word' id='word_1_325' title='bbox 2035 4175 2114 4236; x_wconf 86' lang='lat' dir='ltr'>ad</span> <span class='ocrx_word' id='word_1_326' title='bbox 2162 4179 2277 4241; x_wconf 82' lang='lat' dir='ltr'>has</span> <span class='ocrx_word' id='word_1_327' title='bbox 2321 4201 2455 4244; x_wconf 86' lang='lat' dir='ltr'>non</span> <span class='ocrx_word' id='word_1_328' title='bbox 2517 4204 2671 4268; x_wconf 87' lang='lat' dir='ltr'>per·</span> <span class='ocrx_word' id='word_1_329' title='bbox 2729 4195 2845 4245; x_wconf 70' lang='lat' dir='ltr'>:tur</span> <span class='ocrx_word' id='word_1_330' title='bbox 2887 4183 3036 4244; x_wconf 81' lang='lat' dir='ltr'>anni</span> <span class='ocrx_word' id='word_1_331' title='bbox 3081 4175 3295 4243; x_wconf 85' lang='grc' dir='ltr'><strong>ΕΛΣ.</strong></span> <span class='ocrx_word' id='word_1_332' title='bbox 3328 4180 3553 4250; x_wconf 81' lang='grc' dir='ltr'><strong>ΖΛΣ.</strong></span> <span class='ocrx_word' id='word_1_333' title='bbox 3637 4186 3711 4245; x_wconf 86' lang='lat' dir='ltr'>In</span> <span class='ocrx_word' id='word_1_334' title='bbox 3769 4203 3900 4246; x_wconf 83' lang='lat' dir='ltr'>uno</span> <span class='ocrx_word' id='word_1_335' title='bbox 3957 4185 4259 4254; x_wconf 60' lang='lat' dir='ltr'>Nicoma*</span> 
     </span>
    </p>
   </div>
   <div class='ocr_carea' id='block_1_14' title="bbox 1126 4263 4261 4369">
    <p class='ocr_par' dir='ltr' id='par_1_16' title="bbox 1126 4263 4261 4369">
     <span class='ocr_line' id='line_1_60' title="bbox 1126 4263 4261 4369; baseline 0.003 -29"><span class='ocrx_word' id='word_1_336' title='bbox 1126 4276 1343 4342; x_wconf 83' lang='lat' dir='ltr'>tinuit.</span> <span class='ocrx_word' id='word_1_337' title='bbox 1387 4276 1579 4338; x_wconf 83' lang='lat' dir='ltr'>Hunc</span> <span class='ocrx_word' id='word_1_338' title='bbox 1611 4277 1686 4341; x_wconf 90' lang='lat' dir='ltr'>C.</span> <span class='ocrx_word' id='word_1_339' title='bbox 1719 4275 2054 4360; x_wconf 80' lang='lat' dir='ltr'>Papirium</span> <span class='ocrx_word' id='word_1_340' title='bbox 2077 4263 2443 4345; x_wconf 75' lang='lat' dir='ltr'>Carbonem</span> <span class='ocrx_word' id='word_1_341' title='bbox 2475 4306 2667 4369; x_wconf 80' lang='lat' dir='ltr'>prae-</span> <span class='ocrx_word' id='word_1_342' title='bbox 2738 4285 2884 4348; x_wconf 80' lang='lat' dir='ltr'>diae</span> <span class='ocrx_word' id='word_1_343' title='bbox 2921 4281 3263 4349; x_wconf 73' lang='lat' dir='ltr'>Mox-ellim</span> <span class='ocrx_word' id='word_1_344' title='bbox 3297 4283 3463 4367; x_wconf 76' lang='lat' dir='ltr'>legit</span> <span class='ocrx_word' id='word_1_345' title='bbox 3489 4278 3745 4363; x_wconf 84' lang='grc' dir='ltr'><strong>ΒΛΣ.,</strong></span> <span class='ocrx_word' id='word_1_346' title='bbox 3788 4299 3854 4348; x_wconf 85' lang='lat' dir='ltr'>at</span> <span class='ocrx_word' id='word_1_347' title='bbox 3897 4298 4083 4350; x_wconf 83' lang='lat' dir='ltr'>recte</span> <span class='ocrx_word' id='word_1_348' title='bbox 4114 4305 4261 4351; x_wconf 83' lang='lat' dir='ltr'>con-</span> 
     </span>
    </p>
   </div>
   <div class='ocr_carea' id='block_1_15' title="bbox 1349 4520 2134 4598">
    <p class='ocr_par' dir='ltr' id='par_1_17' title="bbox 1349 4520 2134 4598">
     <span class='ocr_line' id='line_1_61' title="bbox 1349 4520 2134 4598; baseline 0.027 -28"><span class='ocrx_word' id='word_1_349' title='bbox 1349 4523 1594 4598; x_wconf 66' lang='lat'>23-13011.</span> <span class='ocrx_word' id='word_1_350' title='bbox 1623 4525 1730 4584; x_wconf 78' lang='lat' dir='ltr'>civ.</span> <span class='ocrx_word' id='word_1_351' title='bbox 1756 4524 1821 4583; x_wconf 90' lang='lat' dir='ltr'>L.</span> <span class='ocrx_word' id='word_1_352' title='bbox 1850 4520 1898 4582; x_wconf 90' lang='lat'>1.</span> <span class='ocrx_word' id='word_1_353' title='bbox 1925 4542 1980 4592; x_wconf 79' lang='lat' dir='ltr'>e.</span> <span class='ocrx_word' id='word_1_354' title='bbox 2008 4535 2134 4591; x_wconf 85' lang='grc'><strong>111.</strong></span> 
     </span>
    </p>
   </div>
  </div>
 </body>
</html>
