4575 5850
1455 400 1852 472 ATT

333 577 626 650 arguunt.
712 566 1009 634 Nonnius
1084 566 1207 630 bos
1296 572 1591 635 Cranaen
1656 571 1865 633 Laco·

333 666 471 727 niae
531 664 921 728 referendos
980 684 1227 733 censet.
1301 671 1680 735 Harduinus
1729 686 1865 735 tan-

334 782 463 828 tum
530 784 1040 847 commemorat,
1127 772 1304 855 quod
1391 774 1637 855 alioqui
1714 796 1868 839 con-

332 871 565 950 stabat,
618 872 825 935 fuisse
885 869 1069 933 binas
1124 872 1367 938 insulas
1412 878 1696 940 Crenaee
1752 897 1866 941 no·

332 973 524 1038 mine.
569 973 861 1058 Elegans
894 989 1088 1059 caput
1120 977 1445 1040 muliebre
1470 971 1560 1040 'in
1597 977 1698 1040 his
1751 998 1867 1039 nu·

331 1076 446 1139 mis
484 1075 756 1139 dubium
789 1094 918 1137 non
959 1089 1096 1152 est,
1144 1097 1291 1139 esse
1337 1078 1658 1141 Helenae.
1702 1080 1864 1141 Cum

330 1193 599 1263 utraque
654 1179 945 1253 Cranae,
1010 1193 1078 1240 ut
1138 1198 1219 1242 ex
1283 1179 1696 1242 discordibus
1760 1200 1868 1240 an·

332 1293 581 1343 ctorum
623 1274 965 1342 sententiis
1009 1300 1289 1364 arguere
1338 1282 1531 1352 licet,
1575 1300 1700 1365 pro
1735 1281 1868 1343 vin·

329 1381 605 1446 dicando
649 1378 776 1443 sibi
819 1379 946 1443 hoo
1003 1382 1211 1466 stupri
1261 1369 1516 1446 honore
1577 1396 1869 1446 certave-

329 1485 445 1556 rit,
540 1493 818 1567 possunt
887 1481 957 1542 hi
1033 1483 1214 1545 numi
1292 1485 1553 1569 utrique
1619 1485 1866 1545 Cranae

324 1598 730 1667 competere.
793 1586 878 1645 At
938 1604 1086 1646 cum
1144 1587 1212 1646 in
1272 1585 1415 1648 aliis
1462 1584 1652 1647 unius
1698 1583 1866 1665 ejus·

329 1686 610 1769 demque
653 1683 855 1748 urbis
893 1685 1108 1746 numia
1143 1685 1226 1747 sit
1268 1680 1862 1758 bEAENITssN,

326 1789 387 1848 in
430 1785 581 1850 aliis
622 1780 1280 1863 KPANAATQN,
1324 1808 1538 1871 neque
1583 1799 1862 1862 constet,

324 1889 622 1950 Cranaen
687 1884 1016 1949 Laconiae
1085 1886 1319 1949 dictam
1387 1906 1647 1972 quoque
1707 1885 1865 1949 fuis-

321 2008 391 2050 se
447 1986 763 2050 Helenen
821 1985 1089 2070 dempto
1150 1988 1340 2051 uniua
1396 1987 1706 2074 Stephani
1770 2001 1863 2050 te·

322 2089 666 2164 stimonio,
711 2089 887 2172 quod
927 2087 1080 2151 cuin
1124 2089 1269 2152 aliis
1298 2091 1603 2155 collatum
1641 2108 1861 2168 asper-

321 2211 594 2264 namur,
649 2188 723 2249 bi
783 2191 964 2251 numi
1026 2204 1210 2254 certe
1258 2192 1553 2255 Cranaen
1610 2190 1862 2251 Atticae

323 2305 469 2356 sunt
523 2288 822 2356 vocandi.
893 2290 1130 2355 Sinon
1176 2290 1349 2356 fallit
1394 2290 1716 2356 Harduini
1771 2302 1866 2352 te-

322 2382 702 2458 stimonium
765 2389 1202 2476 adfirmantis,
1259 2415 1298 2456 a
1354 2391 1510 2457 viris
1573 2410 1863 2454 summae

322 2493 712 2560 eruditionis
757 2505 1148 2577 conspectos
1195 2511 1428 2556 numos
1472 2494 1862 2578 inscriptos:

320 2590 865 2658 ΕΛΕΝΙΤΩΝ.
933 2589 1171 2658 ΤΩΝ.
1214 2592 1400 2656 ΚΑΙ.
1447 2591 1866 2655 ΚΡΑΝΑΑ-

324 2694 542 2759 ΤΩΝ
569 2696 676 2779 8),
718 2694 1041 2760 rationem
1082 2694 1433 2769 habemus,
1478 2713 1596 2757 cur
1638 2696 1706 2757 in
1749 2716 1865 2757 nu·

325 2799 446 2864 mia
479 2818 611 2861 uno
642 2796 938 2860 alterove
987 2793 1305 2860 vocabulo
1345 2795 1720 2878 promiscue
1762 2794 1863 2857 usi

321 2901 571 2964 fuerint
605 2897 977 2964 Helenitae.

407 3003 482 3067 Si
555 2999 760 3086 igitur
818 3001 1138 3083 genuinos
1197 3012 1499 3083 putemus
1555 3000 1678 3063 hos
1748 3021 1862 3061 nu·

322 3123 508 3182 moa,
589 3094 850 3178 nescio,
922 3125 1002 3164 sn
1076 3122 1208 3164 non
1285 3117 1551 3185 quartus
1612 3101 1860 3165 Goltzii

322 3227 596 3280 numus,
640 3204 707 3265 in
754 3223 920 3288 quo:
971 3207 1171 3284 Caput
1219 3205 1447 3264 arietis
1487 3205 1728 3264 ,addito
1773 3201 1860 3265 Κ.

324 3303 372 3365 ae
409 3302 620 3369 KPA.
667 3309 789 3369 Pes
842 3308 1059 3381 bovis,
1119 3316 1302 3365 recte
1358 3319 1620 3385 quoque
1666 3301 1859 3382 hujus

321 3408 609 3473 Cranaen
651 3406 866 3473 numia
911 3407 992 3470 sit
1034 3402 1328 3478 additus,
1365 3401 1489 3465 etsi
1518 3414 1655 3464 tum
1704 3423 1859 3485 ego,

319 3531 472 3575 cnm
545 3510 828 3574 eundem
887 3507 1312 3570 restituerem
1357 3497 1456 3585 l³¹),
1516 3504 1732 3588 potius
1790 3507 1859 3569 in

315 3611 617 3677 Cranaen
636 3606 1101 3695 cephalleniae
1118 3605 1628 3691 propendet-em.
1673 3604 1856 3669 Idem

321 3713 598 3778 dubium
677 3710 942 3797 urgebit
994 3708 1195 3779 alium
1278 3721 1678 3789 argenteum.
1738 3708 1857 3773 m.

315 3814 577 3892 formae
618 3812 829 3877 musei
874 3811 1179 3875 Caesarei
1226 3833 1262 3872 a
1292 3808 1673 3873 Froelich‘io
1724 3810 1860 3873 edi·

316 3929 458 3978 tum
500 3910 592 3999 ἱ),
644 3914 712 3977 in
757 3934 925 3999 quot
980 3909 1262 3974 KPAN.
1319 3916 1512 3976 Aries
1558 3921 1762 3977 stans,
1810 3909 1858 3971 ae

320 4015 415 4093 Δ,
477 4021 586 4082 vel
624 4037 850 4090 ιιι-σω,
911 4015 1010 4080 de·
1041 4034 1173 4100 qno
1215 4010 1489 4076 difficile
1557 4011 1686 4074 erit
1734 4026 1856 4076 sta·

549 4403 611 4477 ι)
646 4354 819 4460 mim.
855 4399 1080 4461 mum.
1115 4400 1175 4459 in
1205 4399 1544 4466 ,mamm

1717 4397 1783 4472 h)
1820 4394 1989 4455 Nom.
2025 4407 2146 4457 vet.
2186 4413 2246 4453 n·
2287 4407 2416 4463 111.

1952 402 1988 473 I
2092 402 2150 475 C
2250 407 2343 479 A.
3328 424 3467 489 227

1933 587 2155 649 tuere,
2214 573 2383 635 aitne
2435 572 2628 657 hujus
2673 572 2955 636 Cranaes
3004 577 3334 655 Helenae,
3395 606 3473 644 an

1935 675 2156 736 Cranii
2202 674 2687 758 cephalleniae.
2774 677 3089 761 Ajebam‚
3152 682 3206 741 si
3251 687 3476 763 genui·

1937 776 2006 837 ni
2049 786 2194 837 sunt
2243 776 2415 859 capti
2449 798 2483 856 a
2519 777 2788 839 Goltzio
2835 778 3053 850 numi3
3098 800 3244 852 nam
3292 804 3476 867 pr·ae

1938 890 2237 964 terquam
2295 861 2474 960 quod
2549 877 2691 958 ejus
2750 877 2939 940 multi
2996 884 3280 963 suspecti
3326 884 3495 970 jure

1939 991 2124 1053 sunt,
2198 976 2395 1039 etiam
2459 978 2724 1039 dubium
2806 995 3026 1043 movet
3090 983 3367 1065 aspirata
3427 988 3479 1053 l-

1939 1076 2262 1142 vocabulo
2339 1073 2854 1142 ΕΛΕΝΙΤΩΝ
2917 1079 3239 1165 praefixa,
3314 1103 3479 1166 quae

1938 1178 2254 1243 hactenus
2308 1194 2555 1244 tantum
2609 1180 2676 1240 in
2729 1182 2941 1244 numia
2994 1183 3357 1247 Heracleae
3411 1201 3477 1248 et

1942 1280 2215 1342 Tarenti
2261 1279 2603 1344 observata
2652 1293 2769 1342 eat.

2356 1531 2365 1536 „
2422 1451 3007 1525 Imperator-ii.-

2022 1582 2331 1667 lnscripti
2391 1596 2771 1646 constanter
2811 1579 3331 1647 ΚΡΑΝΑῘΩΝ
3378 1611 3478 1652 re-

1936 1698 2295 1747 censentur
2353 1705 2388 1745 a
2446 1683 2798 1752 Vaillantio
2858 1706 3004 1748 cum
3069 1688 3278 1768 capite
3338 1694 3478 1754 Ma-

1939 1783 2198 1860 ximini,
2254 1785 2546 1867 Philippi
2605 1805 2784 1862 aen„
2830 1799 2897 1848 et
2948 1783 3292 1854 Otaciliae.
3353 1795 3480 1856 Au-

1935 1898 2081 1948 ctor
2152 1884 2485 1971 Theupoli
2566 1887 2764 1949 alium
2834 1889 3132 1953 Domnae
3205 1891 3473 1958 addidit.

1939 1987 2360 2063 Vaillantius,
2419 1987 2832 2064 Harduinus,
2891 1989 3132 2076 aliique
3196 1991 3316 2053 hos
3363 2017 3476 2055 nu·

1934 2107 2098 2153 mos.
2182 2089 2421 2151 Cranio
2516 2087 2980 2169 cephalleniae
3070 2089 3480 2157 confidenter

1935 2188 2344 2266 tribuerunt,
2389 2203 2452 2252 at
2493 2191 2744 2256 nullain
2790 2191 3098 2255 adferunt
3134 2197 3475 2268 rationem,

1936 2309 2055 2352 cur
2122 2310 2254 2356 non
2314 2290 2396 2353 ad
2432 2290 2618 2355 ,hanc
2678 2294 2971 2357 Cranaen
3027 2290 3273 2358 referri
3333 2319 3480 2379 pos—

1936 2391 2085 2454 sint.
2170 2391 2438 2455 Gentile
2502 2392 2716 2455 Cranii
2779 2392 3152 2474 Thucydidi
3197 2413 3264 2459 et
3310 2404 3478 2461 Stra·

1937 2489 2097 2553 boni
2152 2506 2255 2556 eet
2317 2491 2614 2571 Κρανιος,
2672 2512 2754 2555 ex
2806 2513 2936 2576 quo
2999 2509 3067 2558 et
3113 2497 3288 2561 Livii
3334 2504 3479 2561 Cra·
3554 2519 3561 2532 ·

1936 2597 2109 2661 nius.
2148 2590 2330 2655 lstud
2364 2592 2580 2655 Cranii
2636 2594 2883 2676 gentil-e
2925 2594 3095 2658 ultro
3145 2618 3227 2660 ex
3279 2599 3482 2660 Grae-

1936 2714 2016 2756 co
2062 2695 2244 2758 urbis
2288 2695 2557 2758 nomine
2601 2691 2860 2772 Κςειηον
2897 2692 3062 2758 ssuit.
3165 2696 3361 2792 Quod
3425 2703 3480 2760 si
3606 2741 3617 2756 ι
3652 2727 3667 2738 ·

1935 2796 2134 2861 etiam
2213 2794 2627 2861 admittamus
2711 2796 3045 2881 Stephani·
3101 2815 3475 2884 suspectum

1935 2897 2154 2961 Cranii
2215 2898 2466 2986 gentile
2513 2898 2814 2980 Κραναεις
2866 2899 3161 2984 ignotum
3223 2905 3481 2983 gravio-

1933 3002 2114 3065 ribus
2172 3000 2325 3065 aliis
2374 2999 2842 3082 scriptoribus,
2919 3019 3003 3061 ex
3083 3000 3213 3064 boc
3267 2998 3483 3068 ΚΡΑ-

1933 3098 2264 3164 ΝΑΙΩΝ
2304 3100 2579 3164 formari
2623 3121 2755 3164 non
2803 3114 3063 3184 posset,
3107 3104 3227 3166 sed
3266 3101 3481 3169 ΚΡΑ-

1936 3199 2312 3278 ΝΑΕΩΝ,
2338 3215 2405 3265 ut
2433 3194 2925 3263 ιΝῙΚΑῙΕΙΣ
2962 3199 3474 3270 ΝΙΚΑΙΕΩΝ.

1931 3305 2038 3365 De
2098 3304 2348 3366 Cranae
2413 3298 2680 3365 definite
2743 3299 3145 3384 Stephanus·
3203 3308 3480 3370 Laconi.

1930 3426 2048 3468 cae
2088 3403 2483 3481 Κραναατης,
2529 3406 2789 3466 Atticae
2817 3399 3128 3476 Κκειιναιος
3169 3416 3242 3468 ut
3294 3405 3477 3481 Αθη-

1930 3526 2112 3579 nasac.
2194 3506 2566 3589 Vtrumque
2596 3500 2844 3585 gentile
2889 3502 3203 3569 habemus
3251 3507 3318 3570 in
3369 3507 3472 3571 his

1931 3607 2178 3683 numia,
2245 3605 2314 3668 in
2381 3605 2746 3673 autonomis
2821 3603 3187 3672 Goltzianis
3255 3605 3470 3670 KPA-

1931 3703 2392 3785 ΝΑΑΤΩΝ,
2453 3707 2524 3770 in
2579 3707 3018 3792 imperatoriis
3083 3690 3471 3774 KPANA'I-

1913 3806 2106 3900 „mm
2168 3806 2493 3891 spectatis
2521 3826 2687 3891 ergo
2715 3805 2820 3870 his
2852 3807 3209 3890 gentilibus
3231 3853 3251 3888 ,
3272 3798 3470 3895 ¹quoti

1931 3930 2127 3973 unum
2196 3907 2278 3972 ad
2351 3906 2653 3993 figendos
2727 3908 2851 3974 hos
2927 3930 3163 3974 numos
3243 3911 3468 3985 valere

1928 4025 2147 4096 potest
2206 4008 2379 4094 typis
2436 4009 2602 4073 nihil
2667 4010 3088 4089 docentibus,
3131 4010 3471 4076 referendi

2596 4393 2645 4469 i)
2683 4392 2823 4456 Not.
2855 4392 3029 4454 elem.
3065 4413 3128 4470 p.
3162 4398 3259 4459 2⁴-

2861 4491 2921 4555 1¹·
2945 4489 2982 4554 f
3019 4504 3059 4552 a
