4575 5850
1070 510 1166 575 20

1070 666 1229 727 tiam
1271 680 1345 725 ac
1390 675 1548 739 opes
1589 657 1657 720 in
1702 657 1874 720 hunc
1925 652 2097 718 diem
2136 666 2453 717 testantur
2483 676 2598 717 nu·

990 741 1011 760 ⁶
1072 764 1161 828 mi
1202 764 1587 845 frequentes
1629 759 1811 821 aurei
1843 755 2269 840 argenteique
2302 755 2596 840 pondere

1070 887 1187 930 suo
1254 861 1610 947 conspicui.
1671 859 1775 923 Ab
1837 858 1978 941 ejus
2040 869 2252 920 morte
2316 856 2594 956 Thracia

1070 972 1355 1031 lacerata
1402 987 1439 1026 a
1479 961 1687 1026 Gallis
1728 960 2027 1035 advenis,
2074 955 2351 1021 subinde
2399 976 2614 1041 reges.

1070 1073 1308 1133 iterum
1358 1063 1732 1149 indigenas,
1787 1074 1982 1144 atque
2016 1058 2138 1122 hos
2173 1057 2436 1120 demum
2470 1061 2601 1123 Ro-

1074 1169 1281 1233 manis
1324 1163 1645 1229 obnoxios
1697 1160 1925 1222 habuit
1955 1206 1973 1237 ,
2039 1158 2188 1221 dum
2242 1159 2323 1221 ab
2383 1159 2482 1221 his
2532 1161 2598 1222 in

1072 1269 1477 1357 provinciam
1524 1263 1962 1346 redigeretur.
2025 1260 2174 1356 Quo
2224 1260 2401 1323 istud
2441 1273 2603 1323 tem·

1072 1390 1235 1456 pore
1287 1364 1671 1450 contigerit,
1718 1378 1904 1429 vetus
1952 1377 2054 1426 est
2099 1362 2275 1424 inter
2307 1360 2601 1432 eruditos

1008 1463 1017 1470 ⁸
1073 1468 1433 1534 dissidium.
1511 1465 1642 1531 Alii
1695 1465 1938 1528 factum
1998 1462 2172 1527 istud
2233 1485 2271 1526 a
2321 1463 2596 1529 Claudio

1073 1584 1393 1645 statuunt,
1440 1569 1649 1632 secuti
1677 1565 1940 1630 Eusebii
1968 1563 2381 1637 chronicon,
2428 1565 2601 1648 ejus·

1070 1681 1200 1755 que
1248 1669 1575 1735 adseclam
1621 1667 1994 1750 syncellum
2030 1712 2046 1743 ‚
2107 1666 2220 1730 alii
2264 1687 2302 1728 a
2352 1668 2599 1751 Vespa·

974 1788 979 1791 ’
1071 1775 1255 1836 siano
1288 1817 1306 1849 ,
1365 1772 1517 1856 quia
1569 1767 1649 1831 de
1706 1769 1834 1831 hoc
1898 1769 2286 1835 Suetoniust
2348 1766 2390 1849 ἲ)
2447 1773 2599 1832 item

1081 1876 1417 1938 Taraciam
1444 1915 1462 1947 ,
1527 1872 1820 1931 Ciliciam
1846 1910 1866 1945 ,
1906 1880 1977 1931 et
2014 1872 2472 1954 Commaqenen
2508 1876 2606 1933 di-

2239 483 2977 558 THRACIA.

2670 655 3033 718 zantiorum
3097 668 3390 739 sumptus
3425 696 3442 730 ‚
3504 655 3614 738 qui
3677 657 3951 744 singulis
4011 660 4193 722 anuis

2668 757 2954 837 legatum
3016 760 3290 818 Romam
3335 757 3684 821 -miserant
3754 759 3831 822 ad
3918 762 4196 822 salutan-

2669 856 2822 917 dum
2852 857 3240 941 principem,
3272 856 3445 918 unde
3475 859 3701 944 colligi
3731 861 4198 943 posset,'1'l1ra·

2670 960 2832 1023 ciam
2883 973 3018 1020 tum
3070 957 3190 1019 sub
3223 946 3567 1041 Bithjniae
3601 975 3864 1024 rectore
3914 965 4194 1028 stetisse.

2672 1061 2823 1144 quia
2887 1072 3021 1121 tum
3074 1059 3326 1121 Plinius
3362 1057 3739 1141 Bithyniam
3777 1079 3935 1149 pum
3982 1064 4196 1124 Ponto

2671 1160 2866 1224 rexit.
2907 1164 2992 1222 At
3027 1159 3202 1222 enim
3233 1159 3594 1226 verisimile
3622 1175 3746 1238 est,
3762 1160 4045 1225 Plinium
4064 1183 4196 1225 non

2673 1274 2996 1344 potestate
3071 1238 3438 1352 ordinaria}
3472 1261 3728 1324 rexisse
3803 1261 4198 1345 Bithyniam,
4275 1268 4282 1275 '

2675 1360 2796 1424 sed
2854 1361 3160 1445 legatum·
3204 1371 3528 1444 potestate
3585 1364 4100 1428 extraordinaria
4163 1386 4200 1426 a

2672 1462 2953 1544 Traiano
2994 1463 3076 1526 ad
3127 1462 3604 1547 inspiciendum
3652 1464 3913 1530 urbium
3966 1478 4202 1529 statum

2669 1563 2831 1627 illuc
2867 1563 3171 1642 missum,
3217 1579 3291 1627 ut
3326 1565 3584 1630 dicetur
3611 1565 3678 1628 in
3712 1565 4204 1650 prolegomenis

2670 1664 2751 1728 ad
2809 1686 3043 1730 numos
3102 1666 3468 1748 Bithyniae.
3548 1666 3770 1759 Quare
3825 1666 3975 1730 fieri
4019 1681 4203 1749 pote·

2669 1779 2804 1842 rat,
2850 1778 2924 1831 ut
2958 1767 3099 1852 ejus
3131 1767 3481 1849 imperium
3513 1767 3597 1830 ad
3624 1769 3971 1831 nonnullas
4001 1768 4199 1830 etiam

2676 1867 2997 1933 Thraciae
3049 1853 3246 1942 urb'es
3275 1883 3406 1930 tum
3439 1868 3827 1953 pertineret.
3876 1867 4011 1931 Sub
4045 1872 4203 1930 Tra·

1075 1977 1275 2037 tionis
1326 1973 1548 2052 reyiae
1591 1991 1790 2053 usque
1831 1974 2023 2031 aci-id
2046 1982 2328 2051 tempta,
2361 1976 2430 2034 in
2455 1993 2603 2051 pro·
2667 1969 2820 2051 jano
2869 1982 2936 2032 et
2967 1969 3302 2031 Hadriano
3347 1969 3648 2034 conditae
3679 1970 3915 2045 urbes,
3966 1992 4002 2031 a
4051 1989 4205 2032 con-

1071 2078 1432 2137 vinciarum
1462 2072 1750 2152 formam
1800 2074 2081 2152 redegit,
2127 2070 2241 2134 sed
2280 2092 2410 2156 quo
2446 2071 2599 2134 loco

1074 2195 1209 2237 non
1273 2171 1466 2255 pauci
1524 2170 1651 2234 viri
1695 2184 2102 2256 praestantes
2146 2193 2271 2255 pro
2343 2174 2601 2235 Thr-'aci-

1079 2296 1184 2337 am
1213 2317 1235 2350 ,
1308 2275 1634 2349 Ciliciam,
1688 2271 2043 2357 legendum
2100 2286 2370 2356 putant:
2450 2279 2593 2336 Tra·

1075 2360 1295 2439 cheam
1327 2377 1655 2452 Gliciam,
1697 2394 1845 2436 nam
1875 2385 2146 2448 constat,
2180 2371 2475 2437 Ciliciam
2511 2373 2605 2435 di-

1074 2477 1277 2539 visam
1326 2475 1532 2540 fuisse
1566 2475 1635 2536 in
1672 2478 2117 2561 campestrem
2146 2518 2165 2549 ,
2213 2489 2280 2537 et
2316 2476 2603 2538 Trache-

1078 2599 1179 2641 am
1213 2622 1232 2655 ,
1305 2578 1444 2644 sive
1502 2597 1823 2662 asperam.
1900 2579 1987 2639 At
2062 2573 2233 2639 enim
2310 2575 2604 2639 Suetonii

1078 2687 1431 2748 lectionem
1461 2681 1793 2764 vulgatam
1843 2677 1926 2740 de
1973 2675 2605 2760 ThraciaaVespa·

1077 2790 1258 2851 siano
1332 2786 1399 2847 in
1476 2779 1879 2867 provinciam
1937 2778 2203 2843 redacta
2266 2773 2609 2842 confirmat

1082 2903 1342 2973 quoque
1384 2883 1779 2970 Eutropius,
1826 2880 2096 2965 ejusque
2131 2879 2606 2965 metaphrastes

994 3001 999 3006 ’
1080 2991 1372 3052 Graecus
1412 2986 1755 3049 Paeanius.
1816 2981 1986 3052 'Vide
2028 2982 2112 3046 de
2160 2981 2283 3044 hac
2318 2980 2435 3044 lite
2469 2977 2612 3064 plu?

1077 3112 1150 3150 ra
1210 3089 1276 3148 in
1323 3084 1745 3150 ‘eruditorum
1807 3084 1887 3149 ad
1948 3084 2121 3146 hunc
2167 3082 2466 3145 Suetonii
2507 3082 2607 3145 lo-

1082 3209 1229 3251 cum
1268 3188 1769 3251 commentariis.
1814 3186 2191 3250 Eustathius
2239 3183 2305 3244 in
2344 3183 2476 3246 suis
2523 3184 2604 3247 ad

1079 3287 1468 3368 Dionysium
1516 3288 1688 3352 notis
1727 3287 1828 3350 bis
1874 3298 2096 3350 narrat
2133 3285 2606 3366 Vespasianum

1082 3392 1427 3455 Thraciam
1475 3389 1554 3454 ab
1592 3390 1857 3472 Europa
1911 3407 2246 3484 separasse
2275 3382 2361 3464 Β).
2408 3384 2606 3477 Quod
2653 3389 2664 3396 '

1081 3491 1317 3554 deinde
1345 3490 1548 3555 fuerit
1573 3491 1716 3576 ejus
1750 3490 2049 3576 regimen
2080 3490 2444 3574 politicum,
2473 3508 2601 3551 non

1080 3594 1234 3656 satis
1266 3606 1537 3658 constat.
1586 3593 1828 3656 Scribit
1843 3591 2121 3668 Plinius,
2129 3591 2353 3675 junior
2385 3587 2463 3672 ¹),
2483 3591 2637 3670 Byae‘

1080 3695 1330 3758 santios
1362 3695 1616 3758 misisse
1649 3712 1931 3757 annuum
1976 3692 2265 3776 legatum
2311 3692 2392 3755 ad
2431 3706 2604 3766 eum,

1081 3797 1191 3882 qui
1224 3797 1516 3860 Moesiae
1556 3807 1840 3877 praeest,
1874 3787 2148 3877 ‘pub'lice
2175 3794 2603 3858 salutandum.

1081 3900 1181 3961 Ex
1210 3916 1343 3981 quo
1372 3881 1615 3981 confici
1638 3906 1877 3980 potest,
1905 3891 2252 3958 Thraciam
2287 3909 2426 3957 tum
2451 3914 2601 3958 cum

954 4025 963 4040 ·
1072 3998 1333 4062 Moesia
1355 3997 1572 4061 fuisse.
1591 3996 2042 4081 conjunctam,
2087 4008 2158 4058 ut
2209 4017 2442 4060 revera
2491 3991 2606 4062 do·

1083 4098 1220 4163 cuit
1262 4096 1418 4175 Dio,
1464 4096 1815 4186 antiquitus
1860 4095 2032 4160 binis
2077 4096 2183 4186 vel
2212 4100 2417 4161 ternis
2455 4118 2635 4179 pro--

1056 4195 1318 4289 ⁸vinciis
1337 4198 1933 4288 unum-praefuisse
1967 4204 2069 4279 ¹¹²).
2109 4202 2182 4263 In
2211 4197 2442 4264 eadem
2467 4201 2606 4286 epi·

1082 4302 1252 4367 stola
1295 4312 1517 4396 narrat
1558 4301 1851 4379 Plinius,
1902 4302 2237 4379 coercitos
2282 4325 2334 4367 a.
2364 4323 2437 4368 se
2477 4305 2606 4392 By·

1268 4597 1273 4606 ι
1317 4511 1370 4585 ἰ)
1401 4513 1547 4603 Gap·
1585 4523 1639 4580 8·
1869 4514 1939 4588 ιι)
1973 4516 2051 4575 ad
2075 4537 2132 4575 v.
2164 4499 2293 4580 {zw-
2320 4528 2384 4578 et
2409 4527 2537 4583 323-
2599 4535 2606 4542 ‘

2674 2069 3034 2147 ditorihus,
3098 2054 3458 2155 eorumque
3500 2071 3748 2134 familia
3800 2089 4037 2135 nomen
4095 2094 4209 2134 na·

2675 2173 2817 2235 ct⁸ae
2841 2216 2859 2248 ,
2915 2186 2989 2235 ut
3027 2170 3518 2254 Traianopolis,
3559 2171 4029 2258 Plotinopolis,
4073 2174 4208 2234 Ha-

2673 2270 3111 2355 arianopolis',
3132 2259 3321 2358 ‘quae
3366 2286 3590 2337 essent
3618 2274 3948 2360 praesidio
3977 2273 4206 2336 adver-

2674 2393 2817 2437 sum
2858 2371 3201 2450 barbaros,
3245 2358 3377 2459 jam
3418 2388 3555 2437 tum
3596 2398 3636 2438 a
3677 2375 3947 2440 Boreali
3994 2389 4202 2440 tractu

2674 2473 2954 2558 imperio
3011 2474 3419 2542 metuendos.
3480 2475 3678 2539 Numi
3730 2477 4020 2558 Bizyae,
4081 2478 4206 2537 Pe·

2674 2576 2877 2640 rinthi
2913 2620 2935 2655 ,
2992 2575 3474 2661 Philippopolis
3517 2576 3637 2642 snb
3682 2579 3966 2661 Traiano
3998 2623 4017 2655 ,
4079 2579 4210 2640 Ha·

2679 2678 2910 2742 driano
2947 2720 2967 2753 ‚
3028 2678 3380 2742 Antonino·
3419 2679 3560 2741 cusi
3611 2678 3867 2766 legatos
3927 2681 4208 2765 Augusti

2677 2799 2801 2864 pro
2861 2791 3172 2861 praetore
3229 2780 3628 2854 inscribunt,
3686 2782 3998 2845 nimirum
4056 2784 4208 2867 quia

2679 2879 2957 2946 Thracia
2998 2879 3125 2945 fuit
3169 2882 3620 2969 Augustorum
3671 2883 4030 2970 provincia.
4093 2883 4209 2946 Di·

2677 2996 2913 3045 cuntur
2966 2983 3036 3045 in
3086 2984 3300 3047 numia
3352 2981 3458 3049 vel
3501 2991 3854 3064 πρεσβεαται
3896 2983 4210 3068 simplici-

2674 3096 2811 3162 ter,
2855 3086 2964 3149 vel
3007 3088 3359 3163 πρεσβευται
3391 3081 3492 3146 καὶ
3523 3083 4025 3169 ἅντιπρωτηιγω.
4069 3086 4204 3148 Sed

2673 3185 2916 3251 factum
2966 3185 3087 3249 sub
3116 3187 3484 3263 Antonino,
3534 3200 3606 3249 ut
3654 3185 3967 3270 deinceps
3995 3187 4209 3251 'Phra-

2679 3286 2819 3350 ciae
2875 3299 3176 3352 rectores
3222 3309 3358 3352 non
3404 3286 3683 3371 amplius
3726 3294 4080 3368 πρεσβευτεα
4135 3287 4206 3347 ἰιι

2675 3388 2889 3451 numis
2943 3401 3377 3467 vocarentur,
3423 3387 3542 3454 sed
3582 3388 3911 3478 ἦτγεμσης,
3960 3394 4208 3470 praesi-
4321 3433 4338 3452 .

2676 3492 2812 3551 des.
2882 3488 3273 3565 Vaillantius
3333 3490 3610 3577 quidem
3667 3491 3795 3575 jam
3846 3490 4205 3552 Domitiani

2677 3610 2944 3653 numum
2988 3591 3292 3656 Anchiali
3332 3594 3660 3680 'signatum
3715 3590 4033 3676 prodidit,
4091 3592 4220 3689 qni5

2681 3695 2800 3774 Ap.
2861 3690 3203 3757 Claudium
3265 3695 3630 3758 Martialem
3694 3691 3970 3777 ἧογεμονα
4029 3691 4205 3771 apel·

2679 3794 2805 3865 lat,
2847 3793 2966 3866 sed
3003 3783 3280 3871 vereor,
3326 3811 3396 3858 ut
3431 3787 3574 3879 ejus
3603 3779 3780 3856 numi
3823 3793 4206 3858 testimonio

2665 3895 2838 3959 stari
2878 3897 3121 3980 possit,
3167 3886 3361 3981 quein
3413 3897 3469 3959 is
3501 3916 3602 3959 ex
3649 3896 3856 3960 Leon.
3901 3893 4205 3978 Augusti-
4267 3941 4284 3948 ,

2674 4015 2764 4058 no
2809 4003 3099 4062 auctore·
3121 4018 3254 4062 non
3312 3999 3468 4062 sa'tis
3515 3998 3760 4061 idoneo
3793 3997 3974 4063 citat.
4019 3994 4197 4074 idem

2677 4118 2945 4183 praeses
3014 4114 3224 4163 exstat
3285 4102 3353 4164 in
3414 4100 3592 4183 binis
3631 4101 3846 4161 numi·
3894 4097 4208 4162 serdicae

2677 4200 2889 4264 musei
2920 4200 3262 4280 Caesarei,
3312 4202 3432 4267 sed
3459 4222 3616 4274 cum
3655 4200 3874 4286 capive
3902 4200 3988 4265 Β.
4020 4199 4205 4265 Veri.

2675 4301 2812 4370 Cur
2878 4309 3047 4380 eos,
3108 4304 3223 4388 qui
3283 4316 3485 4368 antea
3544 4301 3704 4367 dicti
3765 4315 3918 4365 sunt
3979 4299 4213 4387 legati,

2778 4513 2830 4589 ¹)
2860 4509 2927 4575 t..
2960 4511 3036 4575 X.
3067 4516 3240 4593 epist.
3274 4524 3368 4579 52..
3582 4513 3660 4590 n)
3689 4516 3732 4574 ι,
3763 4511 3910 4575 Lm.
3943 4516 3993 4585 §.
4024 4524 4118 4576 12.
