4575 5850
1243 506 1625 607 REGES
1725 507 2534 601 MACEDONIAE.
3116 602 3123 607 ,
3369 484 3492 606 95²

332 696 392 747 et
431 676 691 767 quidem
737 674 935 741 etiam
997 677 1264 761 pileati,
1321 699 1487 767 quos
1539 679 1705 744 adeo
1751 694 1848 763 ty·
1916 693 2023 743 tus
2074 700 2206 766 quo
2243 678 2458 743 minus
2506 679 2720 755 statim
2766 679 2833 741 in
2863 681 3102 745 Persas
3137 699 3469 764 moveret,

328 804 436 870 pos
492 781 832 868 Philippus
893 794 1122 846 noster
1161 782 1297 847 illis
1341 781 1683 870 proximus
1736 780 1847 844 ade
1919 782 2387 846 Thebanorum
2420 794 2488 844 et
2516 780 3019 846 Atheniensium
3056 783 3340 847 motibus
3364 804 3470 848 re·

329 888 442 951 huc
496 883 787 949 retinuit.
885 885 990 946 Ex
1048 884 1245 969 hujus
1301 885 1568 968 generis
1627 870 1846 945 numis'
1917 896 2174 962 tentus,
2222 884 2324 946 his
2359 884 2429 945 in
2464 884 2740 969 gratiam
2776 886 3141 962 revocatis,
3184 886 3322 948 illis
3358 907 3467 949 ur·

332 987 502 1051 multi
543 1000 690 1050 sunt
734 996 942 1069 opere
991 986 1295 1051 nonnihil
1331 986 1648 1064 barbaro,
1692 1004 1845 1069 per·
1911 983 2013 1048 bis
2061 985 2321 1051 excidio
2368 987 2659 1050 multatis
2690 1030 2711 1064 ‚
2768 1008 2921 1050 cum
2967 987 3229 1050 modico
3275 982 3468 1050 exer.

330 1091 579 1153 turbatis
635 1090 836 1153 etiam
883 1102 953 1152 et
1006 1087 1179 1152 male
1234 1090 1525 1153 consutis
1586 1089 1847 1172 epigra-
1914 1089 2051 1152 citu
2094 1089 2163 1149 in
2205 1087 2424 1150 Asiam
2465 1088 2749 1172 trajicit,
2789 1102 2858 1150 et
2904 1089 3309 1174 famigeratis
3347 1092 3472 1153 tri-

327 1194 473 1278 pbes
525 1190 773 1266 literis3
831 1191 901 1252 in
953 1189 1191 1273 quibus
1239 1189 1455 1276 legasz
1521 1184 1841 1257 ‹DAHIL
1910 1187 2034 1251 bus
2082 1188 2165 1252 ad
2209 1190 2599 1269 Granicum,
2644 1192 2901 1268 Issum,
2956 1192 3207 1255 Arbela
3259 1192 3462 1258 victo·

328 1289 648 1375 ΦΙΛΠΤ
683 1285 1014 1357 IAIIQOT
1045 1285 1403 1355 1A1A.et
1452 1293 1691 1357 similia
1736 1292 1845 1355 ab·
1912 1290 2031 1353 riis
2083 1292 2435 1357 Persarum
2487 1290 2875 1375 imperium,
2889 1311 2893 1317 ·
2936 1308 3003 1357 et
3053 1295 3368 1378 quidquid
3429 1317 3468 1358 a

323 1394 519 1459 surda.
600 1395 740 1459 Eos
793 1391 1160 1469 uerisimile
1224 1407 1328 1457 est
1390 1395 1459 1456 in
1519 1395 1842 1463 montanis
1912 1394 2104 1455 mari.
2135 1392 2372 1511 Caspio
2419 1392 2504 1458 ad
2542 1393 2885 1457 Oceanum
2932 1395 3332 1480 porrigitur,
3381 1397 3468 1457 si-

322 1496 596 1580 lllyrici,
675 1508 744 1559 et
799 1491 1303 1557 mediterraneis
1355 1495 1678 1560 'lbraciae
1735 1515 1845 1558 ur-
1910 1514 1993 1559 ve
2043 1490 2276 1571 armis,
2312 1496 2479 1561 sive
2521 1494 2805 1558 nominis
2849 1508 3111 1558 terrore
3153 1497 3281 1560 sihi
3314 1497 3463 1560 aub-

327 1600 500 1663 bibus
545 1596 856 1682 Philippo
900 1595 1201 1660 obnoxiis
1262 1616 1634 1679 percussos.
1718 1599 1840 1661 Mi·
1906 1593 2071 1676 jicit.
2113 1596 2353 1660 Redux
2382 1596 2790 1680 Babylonem
2841 1598 2980 1661 sive
3017 1596 3460 1682 intemperan-

318 1722 429 1764 nus
492 1698 836 1764 commode
903 1696 1328 1764 Froelichius
1405 1702 1526 1764 hos
1603 1720 1840 1764 numos
1908 1697 2035 1775 tia,
2097 1700 2236 1761 sive
2279 1699 2631 1783 propinato
2684 1698 2766 1761 ab
2815 1698 3162 1780 Antipatro
3198 1719 3457 1762 veneno

317 1815 571 1888 propter
611 1823 777 1887 opus
820 1799 1050 1864 rudius
1091 1800 1402 1886 Philippo
1454 1804 1507 1865 1.
1549 1802 1840 1866 tribuen·
1908 1797 2348 1884 exstinguitur
2391 1800 2475 1866 V.
2522 1800 2600 1863 C.
2640 1798 2799 1875 430,
2847 1797 2954 1861 die
3003 1800 3300 1869 xxvtu.
3346 1802 3458 1863 Ju-

318 1906 428 1969 dos
475 1901 697 1970 ee'nset
735 1904 816 1980 8).
903 1904 980 1964 In
1042 1902 1835 1967 vetustissima‘Graeciae
1905 1900 2039 1978 nii,
2083 1901 2314 1964 aetatis
2347 1920 2515 1964 anno
2543 1896 2851 1966 xxxnl.
2876 1902 3069 1983 regui
3101 1902 3244 1968 ΧΠ.
3277 1922 3456 1965 men·

317 2022 558 2073 moneta
599 2007 792 2071 labor
834 2023 1245 2091 nequaquam
1294 2004 1479 2068 rudis
1525 2018 1666 2081 est,
1725 2018 1837 2069 aut
1905 2020 1981 2064 se
2030 2004 2164 2081 VL,
2203 2023 2351 2066 cum
2398 2012 2590 2065 antea
2617 2001 2982 2067 detractum
3015 2003 3224 2089 digito
3260 2026 3461 2067 annu·

317 2111 607 2175 barbarus
641 2154 660 2186 ,
746 2107 955 2192 qualis
1043 2118 1316 2193 apparet
1384 2104 1452 2167 in
1528 2103 1631 2166 his
1663 2148 1680 2181 ‚
1749 2105 1833 2167 de
1903 2101 2045 2163 lum
2080 2102 2481 2180 Perdiccae,
2522 2103 2709 2167 velut
2760 2125 2844 2168 ex
2887 2105 3163 2171 ducibus
3211 2106 3455 2193 dignis·

319 2213 532 2301 quibus
589 2210 895 2294 agimus,
950 2209 1217 2285 numia,
1277 2206 1398 2269 sed
1451 2205 1705 2292 rigidus
1767 2218 1836 2268 et
1903 2203 2073 2266 simo
2117 2205 2514 2269 tradidisset.
2596 2203 2821 2269 Alium
2871 2205 2959 2269 de
2996 2228 3183 2271 anno
3220 2211 3455 2273 mortis

316 2319 604 2402 ingratus.
659 2314 748 2376 At
793 2325 943 2375 sunt
990 2309 1102 2374 alii
1152 2330 1300 2374 cnm
1352 2307 1592 2372 eodem
1629 2308 1835 2371 utrin·
1903 2304 2227 2395 caleulum
2281 2306 2433 2372 vide
2478 2305 2547 2369 in
2593 2307 2879 2371 Corsinii
2929 2310 3330 2392 Agonisticis
3358 2310 3450 2393 h).

319 2438 432 2503 que
489 2416 639 2500 typo
693 2427 991 2499 extreme
1040 2411 1338 2489 barbari,
1388 2430 1551 2496 quos
1600 2409 1669 2471 in
1720 2429 1833 2471 eo·
1903 2407 2161 2490 Corpus
2237 2410 2362 2475 etsi
2427 2409 2495 2472 in
2541 2409 2884 2473 Ammonis
2939 2414 3196 2497 templo
3252 2413 3455 2478 condi

312 2540 446 2583 rum
513 2519 786 2581 classem
846 2511 1229 2598 reponimus
1262 2557 1284 2588 ,
1353 2511 1468 2598 qui
1515 2534 1552 2573 a
1595 2508 1832 2573 vicinis
1893 2507 2088 2601 rivus
2186 2510 2637 2595 praecepisset
2677 2557 2693 2588 ‚
2793 2510 3079 2575 delatum
3164 2515 3451 2598 primum

309 2619 585 2684 barbaris
612 2664 628 2695 ,
691 2614 919 2700 quales
964 2615 1157 2680 fuere
1195 2614 1363 2679 Daci
1390 2657 1409 2692 ‚
1468 2608 1827 2677 secundum
1897 2611 2300 2696 Memphim,
2354 2609 2634 2676 subinde
2707 2633 2744 2675 a
2799 2614 3187 2677 Ptolemaeo
3231 2618 3452 2681 Phila·

311 2734 593 2786 monetae
612 2719 1002 2805 Philippeae
1033 2716 1375 2804 exemplar
1402 2714 1638 2802 signati
1654 2710 1826 2777 haud
1898 2710 2147 2796 delpbo
2199 2712 2665 2778 Alexandriam
2729 2713 3074 2779 reductum
3130 2717 3450 2803 amplissi.

309 2823 495 2887 dubie
527 2819 692 2887 sunt.
1899 2835 2012 2878 mo
2054 2815 2364 2902 sepulcro
2407 2813 2666 2879 illatum
2708 2828 2833 2881 est.
2921 2815 3241 2903 Princeps
3301 2837 3446 2886 erat

381 2933 743 3014 Argenteus
778 2922 970 2998 alios,
1005 2919 1062 2985 si
1093 2938 1259 3006 quos
1283 2917 1461 2986 forte
1489 2919 1646 2984 huic
1676 2915 1833 2981 Phi·
1900 2916 2204 2981 omnibus
2252 2939 2371 2982 seu
2418 2929 2722 3000 naturae,
2783 2936 2904 2980 seu
2942 2916 3247 2983 fortunae
3292 2921 3447 2987 sub·

304 3033 476 3116 lippo
527 3025 918 3093 tribuendos
990 3035 1217 3108 putas,
1287 3037 1362 3087 ut
1430 3035 1500 3086 et
1565 3040 1831 3097 aeneos,
1898 3017 2081 3082 sidiis
2156 3017 2240 3084 ad
2317 3018 2598 3084 maxima
2685 3038 2984 3105 quaeque
3058 3019 3441 3088 destinatus.

301 3134 442 3196 vide
493 3132 562 3213 in
609 3143 875 3192 moneta
930 3147 968 3189 a
1012 3142 1119 3187 me
1165 3123 1477 3209 Philippo
1531 3122 1818 3186 Aridaeo
1887 3122 2361 3205 Praeterquam
2418 3120 2596 3183 enim
2656 3121 2833 3205 quod
2890 3122 3230 3204 ingenium
3277 3137 3444 3188 attu-

297 3231 671 3318 ,djuflicat'a,
1105 3276 1110 3281 .
1367 3289 1370 3292 Α
1887 3222 1968 3285 lit
2021 3222 2457 3286 maximarum*
2509 3243 2734 3286 rernm
2782 3245 2982 3308 capax
3019 3267 3038 3299 ‚
3100 3225 3436 3291 nobilibus

1884 3322 2159 3408 insuper
2197 3322 2574 3392 Aristotelis
2603 3327 2972 3411 praeceptis
3021 3325 3104 3388 ad
3145 3346 3258 3392 res
3329 3348 3439 3392 co-

466 3399 1018 3492 ALEXANDEB
1051 3396 1179 3460 ῙῙῙ·
1227 3393 1630 3458 MAGNVS‘
1887 3425 2334 3511 gnoscendas,
2392 3426 2753 3511 praeclaris
2814 3427 3017 3509 patris
3076 3425 3258 3491 domi
3312 3429 3432 3490 mi·

360 3544 668 3624 Regnum
719 3558 757 3598 a
799 3547 990 3619 patre
1031 3527 1332 3595 omnibus
1380 3529 1590 3615 copiis
1632 3547 1820 3613 prae·
1884 3528 2203 3611 litiaeque
2273 3527 2598 3611 exemplis
2655 3528 2737 3591 ad
2795 3547 2904 3593 eas
2987 3526 3429 3613 perficiendas

287 3640 460 3706 clare
493 3637 887 3709 stabilitum,
926 3647 998 3697 et
1023 3632 1390 3698 exercitum
1427 3632 1633 3716 longo
1676 3627 1820 3692 bel·
1884 3645 2141 3696 mature
2197 3643 2314 3702 est
2352 3627 2937 3702 imbutus.'1'am
3015 3631 3427 3714 praeclaram

276 3723 491 3810 lorum
560 3761 683 3804 usu
740 3758 818 3802 ac
865 3736 1188 3802 victoriis
1209 3735 1541 3802 illustrem
1586 3739 1815 3796 nactus
1880 3732 2176 3798 indolem
2231 3746 2303 3798 et
2357 3732 2653 3800 instituta
2688 3727 3135 3795 incredibilis
3162 3732 3427 3816 quidam

281 3864 402 3909 non
466 3842 690 3905 minus
744 3841 1040 3916 virtute,
1105 3836 1433 3912 consilio,
1491 3832 1810 3898 felicitate
1876 3833 2209 3904 felicitatis
2294 3853 2613 3919 nusquam
2681 3833 3115 3918 interruptae
3193 3856 3431 3902 cursus

277 3968 462 4033 quam
518 3942 898 4007 temeritate
948 3953 1018 4003 et
1054 3937 1341 4004 hostium
1371 3931 1736 4002 socordia
1716 3957 1813 3999 m·
1880 3937 2121 4003 evertit
2199 3935 2484 4022 denique
2513 3982 2535 4014 ,
2562 3983 2569 3990 -
2594 3935 2798 4018 ,cujus
2854 3936 3123 4000 infausti
3194 3952 3429 4021 partus

273 4046 589 4114 credibili
628 4066 711 4109 eo
756 4042 1099 4129 pervasit,
1155 4058 1288 4127 quo
1329 4039 1443 4106 vix
1484 4035 1811 4102 credibile
1878 4037 2071 4104 fuere
2120 4037 2390 4107 ambitio
2420 4058 2657 4121 supra,
2705 4058 2896 4122 quam
2941 4037 3127 4102 credi
3171 4051 3415 4122 potest,

269 4151 576 4214 videatur
605 4166 799 4233 posse
829 4143 1176 4208 humanam
1207 4138 1646 4207 conditionem
1662 4161 1815 4224 per-
1875 4138 2309 4214 immoderata
2342 4182 2363 4216 ‚
2442 4160 2570 4225 qua
2633 4139 2979 4206 mortalem
3045 4141 3418 4226 genituram

267 4254 554 4338 tingere,
614 4249 820 4313 Natus
855 4247 941 4317 V.
983 4237 1058 4310 C.
1085 4243 1215 4326 398
1240 4258 1395 4330 post
1427 4263 1632 4309 annos
1662 4246 1810 4310 XX.
1877 4243 2178 4321 erubuit,
2221 4242 2543 4327 Jovisque
2581 4262 2655 4312 se
2683 4238 3267 4326 filiumprofessus
3288 4258 3417 4323 est,

269 4352 342 4416 sd
385 4372 689 4438 regnum
741 4348 949 4435 patris
1003 4360 1222 4412 morte
1284 4366 1560 4414 vacuum
1617 4364 1811 4411 voca·
1875 4345 2128 4412 animus
2177 4344 2528 4418 adversum
2584 4361 2739 4414 sana
2798 4342 3072 4414 consilia
3138 4343 3423 4428 obstina-

479 4569 553 4639 ε)
594 4564 744 4628 Not.
769 4566 937 4628 elem.
963 4588 1033 4646 p.
1067 4573 1199 4632 ηε.
1234 4595 1244 4631 2
1370 4564 1437 4639 ιι)
1467 4563 1618 4626 om.
1651 4562 1757 4625 m.
1795 4563 1849 4635 ς.
1883 4571 1946 4638 9.,
2287 4525 2335 4618 τ’
2400 4581 2410 4616 2
