4575 5850
480 4044 717 4106 ,utram
775 4031 1161 4114 pertineant.

1707 497 2443 570 CRETA.
2905 524 2918 541 ⁸
3489 520 3639 583 30⁶1

582 671 685 734 Ad
714 670 908 734 situm
962 667 1144 731 urhis
1187 664 1365 751 quod
1418 668 1684 745 attinet,
1736 688 1818 732 ex
1869 669 2031 733 eita-

500 776 583 836 tis
639 770 901 854 Polybii
934 762 1183 838 ‘verbis
1249 769 1537 855 colligo,
1612 789 1756 832 esm
1822 789 2032 855 prope

504 872 943 956 Polyrhenios
1001 873 1299 951 stetisse,
1360 872 1474 955 qui
1518 870 1709 935 fuere
1746 873 2032 956 populus

495 980 566 1040 in
600 959 1014 1040 occidentem
1047 974 1323 1060 positus.
1397 971 1695 1039 Eandem
1726 975 2032 1041 viciniam

496 1078 717 1163 arguit
758 1079 954 1143 etiam
989 1089 1208 1161 typus3
1268 1096 1419 1137 nsm
1460 1076 1713 1138 hastilis
1760 1076 2037 1152 ferrum,

499 1181 699 1268 quale
729 1180 796 1241 in
834 1178 962 1241 hoo
1013 1179 1421 1242 Ceraitarum
1470 1199 1671 1240 numo
1714 1176 2033 1256 videmus,

494 1282 893 1365 frequenter
924 1281 991 1343 in
1022 1280 1576 1363 Polyrheniorum
1610 1295 1876 1344 moneta
1922 1289 2036 1344 oe..

499 1383 737 1453 currit.

500 1487 649 1551 AB.
679 1486 931 1550 mutu.

879 1639 1671 1704 CHERSONESVS:

590 1795 695 1856 Ex
754 1791 1188 1857 Chersonesis
1234 1791 1571 1877 pluribus,
1641 1816 1806 1881 quos
1867 1795 2036 1862 anti-

497 1917 669 1983 quus
720 1895 898 1958 orbis
967 1882 1274 1977 cognitus
1326 1912 1681 1977 memoret,
1760 1899 2043 1964 Cherso-

497 2019 667 2063 neso
719 1999 954 2060 Cretae
1005 1996 1189 2059 numi
1251 2013 1602 2081 sequentes
1646 1999 2044 2070 vindicandi.

466 2127 473 2133 ·
595 2107 799 2183 Caput
820 2103 1100 2164 Dsanae.
1162 2094 1211 2157 ἶ
1243 2096 1577 2167 ΧΕΡΣΟ.
1622 2104 1929 2167 Hercules
1976 2108 2042 2171 d.

497 2206 765 2268 clavam
806 2206 1107 2266 attollens
1129 2242 1149 2278 ,
1189 2220 1240 2262 s.
1291 2204 1499 2265 leonis
1543 2207 1842 2269 exuvias.
1889 2205 2041 2283 AR.

492 2313 548 2373 1.
591 2307 794 2387 (Mus.
825 2302 1051 2385 Caes.)

597 2412 802 2486 Caput
860 2410 1120 2469 Dianae
1185 2407 1570 2468 laureatum.
1660 2402 1710 2465 ἲ
1773 2403 2044 2468 XEPO·

510 2502 929 2582 ΝΑΣΙΟΝ,
975 2511 1046 2569 its
1093 2510 1272 2570 alios·
1331 2498 2044 2586 XEPEONHZION,

496 2614 704 2675 etiam
734 2601 1243 2683 XEonNa„
1302 2611 1410 2671 vel
1455 2602 2042 2669 ΧΕΡΣΟΝΑΣΙ-

496 2707 654 2771 οΝ.
672 2698 907 2792 Apollo
933 2715 1141 2774 nudus
1170 2715 1459 2774 cortinae
1506 2714 1792 2773 emtam
1821 2716 1888 2776 a.
1905 2716 2045 2790 pte·

493 2824 743 2888 ctu-vm,
788 2834 838 2873 s.
867 2814 1098 2892 lyram.
1135 2806 1275 2876 AR.
1310 2813 1355 2877 l.
1383 2811 1709 2893 (Pe'llerin
1739 2815 1902 2878 Rem
1921 2814 2039 2878 111.

492 2914 675 3001 p.75.
694 2911 1106 2976 etAdditions
1120 2935 1185 2997 p.
1207 2924 1308 2991 24.
1325 2915 2040 3000 Pemhrockflunter.)

580 3016 837 3077 Horum
882 3016 1218 3099 priorem,
1274 3017 1387 3102 qui
1421 3037 1543 3101 per
1570 3011 1927 3096 fabricam,
1974 3034 2042 3082 et

492 3119 845 3182 literarum
904 3116 1182 3180 formam
1242 3120 1662 3181 remotissimi
1723 3133 1825 3182 est
1872 3122 2039 3198 sevi,

494 3243 532 3281 a
580 3239 694 3281 me
753 3219 1004 3297 eduum
1064 3218 1214 3280 vide
1270 3220 1338 3281 in
1398 3220 1565 3284 meis
1618 3221 1849 3284 Numis
1910 3234 2040 3289 vet.

492 3341 573 3404 p
634 3321 772 3396 145.
874 3324 1019 3406 Ipsa
1074 3340 1240 3385 vero
1299 3322 1550 3385 fabrica
1623 3336 1691 3385 et
1765 3324 1904 3408 typi
1964 3346 2036 3387 u-

490 3436 807 3505 trumque
853 3442 1118 3485 numum
1162 3424 1316 3487 huie
1379 3428 1613 3505 Cretae
1672 3425 2042 3489 Chersone·

499 3543 585 3587 so
628 3523 1226 3614 invicte-tribuunt.
1329 3527 1578 3592 Verum
1638 3547 1787 3590 oum
1847 3526 2039 3591 binae

488 3625 751 3690 fuerint
793 3625 865 3685 in
908 3626 1101 3689 Creta
1147 3626 1586 3705 Chersonesi,
1647 3648 1773 3690 una
1814 3627 1881 3689 in
1929 3648 2039 3692 oe·

491 3724 812 3790 eidemali
856 3725 1050 3790 litore
1075 3726 1257 3810 juxta
1295 3711 1819 3810 promontorium
1851 3729 2037 3791 Criu·

500 3841 859 3912 metopon,
905 3825 1109 3891 altera
1158 3849 1386 3896 versus
1431 3828 1778 3894 Orientem
1823 3853 2033 3917 prope

494 3930 808 4011 Lyttum,
886 3928 1168 3994 dubitari
1244 3930 1544 3993 nonnihil
1620 3948 1878 4017 potest,
1957 3933 2038 3996 sd

1276 4036 1530 4097 Lucem
1590 4035 1872 4119 aliquam
1927 4036 2037 4099 ad·

2103 668 2233 747 ait,
2278 666 2347 731 in
2394 688 2472 732 ea
2516 684 2661 729 esse
2708 667 3127 732 Britomartis
3185 670 3549 753 templum
3566 675 3645 755 ιι.)

2103 768 2257 832 Fuit
2301 784 2520 834 autem
2561 752 2978 833 Cretensium
3034 770 3452 834 Britomartis
3477 771 3650 836 Dia·

2102 894 2206 935 na.
2267 875 2505 936 Narrat
2536 885 2880 953 praeterea
2912 864 3307 936 Plutarchus
3355 874 3430 954 ²).
3474 878 3643 956 Tyr·

2104 971 2351 1035 rhenos
2402 974 2541 1057 ejus
2588 972 3024 1051 Chersonesi,
3083 997 3249 1060 quae
3293 975 3473 1058 juxta
3518 976 3651 1058 Ly-

2109 1087 2288 1137 ctum
2351 1089 2489 1152 est,
2548 1075 2960 1151 conditores,
3027 1076 3155 1141 hue
3201 1077 3518 1147 detulisse
3565 1078 3648 1141 si·

2111 1194 2314 1256 gnum
2397 1177 2648 1240 Dianae
2733 1199 2769 1238 a
2856 1177 3211 1261 majoribus
3282 1193 3648 1263 acceptum.

2111 1278 2274 1340 Cum
2319 1278 2524 1361 igitur
2565 1279 2632 1340 in
2678 1280 2952 1362 singulis
3021 1280 3122 1342 his
3184 1283 3399 1344 numis
3478 1301 3644 1344 com·

2111 1394 2339 1463 pareat
2383 1382 2575 1466 hujus
2622 1381 2783 1443 deae
2832 1395 3058 1465 eaput,
3124 1382 3432 1451 videntur
3491 1382 3678 1445 slte··

2109 1481 2246 1544 rius
2294 1482 2481 1567 hujus
2526 1503 2674 1545 esse
2708 1484 3128 1559 Chersonesi.

2109 1582 2309 1647 tenda
2365 1587 2434 1644 in
2489 1586 2739 1649 Dianae
2799 1586 3011 1668 capite
3083 1605 3326 1649 corona
3398 1588 3643 1660 laurea,

2108 1704 2275 1770 quae
2312 1686 2379 1747 in
2414 1700 2696 1771 utroque
2730 1708 2933 1750 numo
2979 1687 3427 1751 Pelleriniano
3479 1709 3654 1761 epm-

2107 1801 2334 1869 paret,
2395 1787 2732 1852 insolitum
2797 1788 2989 1872 hujus
3071 1780 3234 1852 dese
3307 1810 3652 1854 ornamen-

2110 1900 2269 1950 tum.
2360 1877 2670 1953 Herculis
2713 1905 2936 1973 gestus
2980 1894 3178 1954 ictum
3225 1892 3409 1957 clave
3463 1893 3652 1955 mini·

2112 1991 2308 2054 tantis
2352 1989 2598 2055 indicat
2642 1993 2973 2076 singulare
3016 1989 3453 2069 beneficium,
3518 2012 3650 2079 quo
3727 1998 3734 2008 '

2116 2114 2151 2155 s
2211 2092 2520 2179 malignis
2577 2093 2743 2159 feris
2797 2097 3003 2159 totam
3068 2093 3347 2158 insulam
3411 2115 3654 2179 purga·

2119 2193 2219 2260 vit
2243 2193 2332 2277 ¹¹).

2729 2396 2769 2435 e
2851 2350 2891 2388 ⁸
2974 2393 3015 2433 u

2200 2507 2407 2584 Caput
2448 2505 2761 2568 Palladis.
2849 2500 2896 2564 ae
2934 2502 3142 2572 XEP.
3233 2512 3461 2573 Numa.
3507 2510 3646 2572 ΑΕ.

2115 2607 2223 2670 111.
2254 2608 2455 2686 (Mus.
2478 2606 2712 2680 Caes.)

2195 2707 2391 2785 Hpue
2426 2708 2619 2769 etiam
2666 2707 2793 2769 huc
2842 2709 3182 2792 pertinere
3228 2708 3385 2772 alibi
3432 2723 3648 2786 osten-

2113 2807 2182 2871 di
2225 2810 2311 2899 ¹).
2409 2810 2571 2893 Ejus
2622 2807 2944 2872 rationem
2996 2829 3131 2872 non
3174 2824 3302 2873 tam
3351 2832 3434 2874 ex
3492 2827 3649 2899 typo

2113 2909 2296 2972 navis
2381 2924 2575 2994 peto,
2663 2908 2841 2995 quod
2922 2911 3410 2976 Chersonesum
3480 2915 3652 2980 hane

2113 3012 2319 3075 fuisse
2365 3013 2584 3095 ,Lytti
2673 3011 2905 3077 navale
2971 2993 3307 3098 ”prodidit
3396 3015 3656 3098 Strabo,

2112 3133 2301 3199 quam
2368 3114 2546 3199 quod
2608 3113 2720 3178 hie
2766 3135 3002 3178 numus
3050 3116 3390 3198 utriusque
3461 3118 3657 3183 faciei

2113 3230 2269 3299 typo
2297 3215 2688 3279 simillimus
2745 3229 2848 3278 est
2906 3216 3123 3293 alteri,
3189 3238 3382 3303 quem
3445 3217 3660 3302 signu-

2110 3331 2250 3381 tum
2293 3303 2497 3381 fuisse
2525 3317 2741 3399 Lytti,
2789 3318 3132 3402 inscriptio
3176 3310 3403 3384 ATT.
3454 3319 3654 3380 mani·

2111 3419 2342 3497 festst,
2389 3439 2716 3505 quemque
2743 3417 2915 3484 infra
2946 3420 3273 3503 reperies.

2111 3527 2253 3588 AB.
2284 3527 2418 3588 BR.
2452 3526 2595 3585 ΑΕ.
2624 3524 2867 3586 amm.

2581 3639 3181 3742 CNstV&

2197 3830 2368 3900 Vrbs
2432 3831 2946 3907 mediterranea,
2993 3828 3233 3891 Minois
3293 3817 3528 3916 regis,
3581 3844 3644 3893 et

2111 3933 2517 4015 Labyrintho
2563 3930 2934 4007 celebrata,
2994 3930 3180 4015 eujus
3231 3946 3486 3996 exstant
3535 3957 3652 3998 nu-

2110 4036 2202 4097 mi
2233 4035 2523 4120 copiosi,
2569 4050 2637 4099 et
2665 4032 2978 4116 insignes.

496 4131 634 4194 fert
692 4132 960 4208 Strabo,
1020 4133 1132 4219 qui
1207 4135 1291 4198 de
1365 4137 1546 4218 Lysti
1616 4135 2032 4200 Chersoneso
2134 4212 2139 4216 q

743 4433 797 4502 ε)
836 4432 903 4490 L.
940 4433 1013 4490 X.
1045 4450 1105 4509 p.
1133 4436 1263 4497 479.

498 4532 627 4579 vet·
658 4540 714 4597 p.
740 4527 865 4583 145.
1005 4551 1035 4575 .·

1348 4393 1425 4508 ht)
1464 4432 1540 4518 gie
1580 4433 1733 4496 viu.
1771 4433 1914 4493 mul.
1960 4453 2021 4512 p.
2055 4454 2131 4493 m.
2177 4439 2302 4501 247.
2406 4435 2469 4507 u)
2512 4432 2755 4493 Diodor.
2794 4434 2858 4493 L.
2903 4432 3006 4498 IV.
3054 4427 3271 4512 9263·
3375 4437 3437 4508 ⁸)
3478 4433 3654 4493 Num·

3024 4618 3244 4712 ΩΨ

3214 1473 3491 1548 Animad
3502 1504 3643 1547 ver·
3745 1522 3758 1535 -
