<?xml version="1.0" encoding="UTF-8"?>
<!DOCTYPE html PUBLIC "-//W3C//DTD XHTML 1.0 Transitional//EN"
    "http://www.w3.org/TR/xhtml1/DTD/xhtml1-transitional.dtd">
<html xmlns="http://www.w3.org/1999/xhtml" xml:lang="en" lang="en">
 <head>
  <title>
</title>
<meta http-equiv="Content-Type" content="text/html;charset=utf-8" />
  <meta name='ocr-system' content='tesseract 3.04.00' />
  <meta name='ocr-capabilities' content='ocr_page ocr_carea ocr_par ocr_line ocrx_word'/>
</head>
<body>
  <div class='ocr_page' id='page_1' title='image "./doctrinanumorum08unkngoog_0409.png"; bbox 0 0 4575 5850; ppageno 0'>
   <div class='ocr_carea' id='block_1_1' title="bbox 270 626 1850 3522">
    <p class='ocr_par' dir='ltr' id='par_1_1' title="bbox 270 626 1824 1875">
     <span class='ocr_line' id='line_1_1' title="bbox 1266 626 1797 711; baseline 0.013 -6"><span class='ocrx_word' id='word_1_1' title='bbox 1266 626 1347 705; x_wconf 68' lang='lat' dir='ltr'><strong>B·</strong></span> <span class='ocrx_word' id='word_1_2' title='bbox 1427 633 1463 705; x_wconf 91' lang='lat'>1</span> <span class='ocrx_word' id='word_1_3' title='bbox 1562 638 1629 711; x_wconf 93' lang='lat' dir='ltr'>T</span> <span class='ocrx_word' id='word_1_4' title='bbox 1729 639 1797 710; x_wconf 91' lang='lat' dir='ltr'>H</span> 
     </span>
     <span class='ocr_line' id='line_1_2' title="bbox 274 798 1815 889; baseline -0.001 -21"><span class='ocrx_word' id='word_1_5' title='bbox 274 824 423 868; x_wconf 86' lang='lat' dir='ltr'><strong>cum</strong></span> <span class='ocrx_word' id='word_1_6' title='bbox 478 821 649 866; x_wconf 86' lang='lat' dir='ltr'><strong>anno</strong></span> <span class='ocrx_word' id='word_1_7' title='bbox 697 816 813 861; x_wconf 72' lang='lat' dir='ltr'><strong>sti</strong></span> <span class='ocrx_word' id='word_1_8' title='bbox 878 798 1230 881; x_wconf 86' lang='lat' dir='ltr'><strong>docemur,</strong></span> <span class='ocrx_word' id='word_1_9' title='bbox 1291 807 1582 888; x_wconf 80' lang='lat' dir='ltr'>epochae</span> <span class='ocrx_word' id='word_1_10' title='bbox 1625 805 1815 889; x_wconf 80' lang='lat' dir='ltr'><strong>hujus</strong></span> 
     </span>
     <span class='ocr_line' id='line_1_3' title="bbox 270 904 1815 985; baseline 0.006 -20"><span class='ocrx_word' id='word_1_11' title='bbox 270 904 528 966; x_wconf 88' lang='lat' dir='ltr'><strong>initium</strong></span> <span class='ocrx_word' id='word_1_12' title='bbox 593 922 722 963; x_wconf 88' lang='lat' dir='ltr'><strong>non</strong></span> <span class='ocrx_word' id='word_1_13' title='bbox 782 921 976 985; x_wconf 82' lang='lat' dir='ltr'><strong>posse</strong></span> <span class='ocrx_word' id='word_1_14' title='bbox 1022 907 1347 985; x_wconf 70' lang='lat' dir='ltr'><strong>posterius</strong></span> <span class='ocrx_word' id='word_1_15' title='bbox 1393 926 1559 970; x_wconf 86' lang='lat' dir='ltr'><strong>anno</strong></span> <span class='ocrx_word' id='word_1_16' title='bbox 1608 909 1686 973; x_wconf 86' lang='lat' dir='ltr'><strong>V.</strong></span> <span class='ocrx_word' id='word_1_17' title='bbox 1740 912 1815 974; x_wconf 74' lang='lat' dir='ltr'><strong>C.</strong></span> 
     </span>
     <span class='ocr_line' id='line_1_4' title="bbox 273 1004 1818 1087; baseline 0.005 -22"><span class='ocrx_word' id='word_1_18' title='bbox 273 1005 439 1087; x_wconf 67' lang='lat'><strong>469,</strong></span> <span class='ocrx_word' id='word_1_19' title='bbox 488 1004 592 1066; x_wconf 74' lang='lat' dir='ltr'><strong>vel</strong></span> <span class='ocrx_word' id='word_1_20' title='bbox 641 1021 765 1081; x_wconf 73' lang='lat'><strong>47⁰</strong></span> <span class='ocrx_word' id='word_1_21' title='bbox 809 1006 1156 1079; x_wconf 83' lang='lat' dir='ltr'><strong>constitui,</strong></span> <span class='ocrx_word' id='word_1_22' title='bbox 1203 1027 1277 1067; x_wconf 83' lang='lat' dir='ltr'><strong>ac</strong></span> <span class='ocrx_word' id='word_1_23' title='bbox 1327 1009 1428 1069; x_wconf 84' lang='lat' dir='ltr'><strong>vel</strong></span> <span class='ocrx_word' id='word_1_24' title='bbox 1475 1010 1626 1070; x_wconf 86' lang='lat' dir='ltr'><strong>ideo</strong></span> <span class='ocrx_word' id='word_1_25' title='bbox 1676 1033 1818 1072; x_wconf 84' lang='lat' dir='ltr'><strong>sua-</strong></span> 
     </span>
     <span class='ocr_line' id='line_1_5' title="bbox 274 1106 1815 1191; baseline 0.003 -25"><span class='ocrx_word' id='word_1_26' title='bbox 274 1117 388 1188; x_wconf 88' lang='lat' dir='ltr'><strong>pte</strong></span> <span class='ocrx_word' id='word_1_27' title='bbox 451 1124 769 1165; x_wconf 80' lang='lat' dir='ltr'><strong>corruere</strong></span> <span class='ocrx_word' id='word_1_28' title='bbox 810 1106 1164 1166; x_wconf 85' lang='lat' dir='ltr'><strong>sententias</strong></span> <span class='ocrx_word' id='word_1_29' title='bbox 1216 1108 1489 1183; x_wconf 84' lang='lat' dir='ltr'><strong>Liebei,</strong></span> <span class='ocrx_word' id='word_1_30' title='bbox 1535 1111 1815 1191; x_wconf 83' lang='lat' dir='ltr'><strong>Haymii,</strong></span> 
     </span>
     <span class='ocr_line' id='line_1_6' title="bbox 276 1205 1823 1289; baseline 0.007 -25"><span class='ocrx_word' id='word_1_31' title='bbox 276 1207 604 1279; x_wconf 70' lang='lat' dir='ltr'><strong>Mon-essii,</strong></span> <span class='ocrx_word' id='word_1_32' title='bbox 679 1222 745 1266; x_wconf 89' lang='lat' dir='ltr'><strong>et</strong></span> <span class='ocrx_word' id='word_1_33' title='bbox 805 1205 1099 1285; x_wconf 82' lang='lat' dir='ltr'><strong>Belleyi,</strong></span> <span class='ocrx_word' id='word_1_34' title='bbox 1176 1227 1306 1289; x_wconf 90' lang='lat' dir='ltr'><strong>quo</strong></span> <span class='ocrx_word' id='word_1_35' title='bbox 1382 1212 1542 1273; x_wconf 81' lang='lat' dir='ltr'><strong>vitio</strong></span> <span class='ocrx_word' id='word_1_36' title='bbox 1605 1214 1823 1275; x_wconf 80' lang='lat' dir='ltr'><strong>hacte-</strong></span> 
     </span>
     <span class='ocr_line' id='line_1_7' title="bbox 277 1307 1821 1390; baseline 0.004 -23"><span class='ocrx_word' id='word_1_37' title='bbox 277 1328 401 1368; x_wconf 87' lang='lat' dir='ltr'><strong>nus</strong></span> <span class='ocrx_word' id='word_1_38' title='bbox 488 1307 628 1365; x_wconf 85' lang='lat' dir='ltr'><strong>sola</strong></span> <span class='ocrx_word' id='word_1_39' title='bbox 715 1307 1090 1385; x_wconf 84' lang='lat' dir='ltr'><strong>Spunhemii</strong></span> <span class='ocrx_word' id='word_1_40' title='bbox 1168 1307 1548 1390; x_wconf 84' lang='lat' dir='ltr'><strong>conjectura</strong></span> <span class='ocrx_word' id='word_1_41' title='bbox 1622 1327 1821 1387; x_wconf 81' lang='lat' dir='ltr'><strong>caret,</strong></span> 
     </span>
     <span class='ocr_line' id='line_1_8' title="bbox 278 1405 1824 1495; baseline 0.003 -24"><span class='ocrx_word' id='word_1_42' title='bbox 278 1405 824 1490; x_wconf 81' lang='lat' dir='ltr'><strong>quemadmodum</strong></span> <span class='ocrx_word' id='word_1_43' title='bbox 903 1409 1339 1488; x_wconf 76' lang='lat' dir='ltr'><strong>exposuimus.</strong></span> <span class='ocrx_word' id='word_1_44' title='bbox 1428 1414 1824 1495; x_wconf 80' lang='lat' dir='ltr'><strong>Neque-ts·</strong></span> 
     </span>
     <span class='ocr_line' id='line_1_9' title="bbox 281 1506 1823 1589; baseline 0.006 -22"><span class='ocrx_word' id='word_1_45' title='bbox 281 1528 434 1568; x_wconf 87' lang='lat' dir='ltr'><strong>men</strong></span> <span class='ocrx_word' id='word_1_46' title='bbox 483 1506 587 1568; x_wconf 76' lang='lat' dir='ltr'><strong>vel</strong></span> <span class='ocrx_word' id='word_1_47' title='bbox 620 1507 779 1570; x_wconf 88' lang='lat' dir='ltr'><strong>haec</strong></span> <span class='ocrx_word' id='word_1_48' title='bbox 809 1509 1145 1589; x_wconf 84' lang='lat' dir='ltr'><strong>hucusque</strong></span> <span class='ocrx_word' id='word_1_49' title='bbox 1179 1530 1411 1572; x_wconf 84' lang='lat' dir='ltr'><strong>secura</strong></span> <span class='ocrx_word' id='word_1_50' title='bbox 1445 1528 1565 1584; x_wconf 78' lang='lat' dir='ltr'><strong>est,</strong></span> <span class='ocrx_word' id='word_1_51' title='bbox 1617 1528 1681 1576; x_wconf 91' lang='lat' dir='ltr'><strong>et</strong></span> <span class='ocrx_word' id='word_1_52' title='bbox 1715 1535 1823 1575; x_wconf 80' lang='lat' dir='ltr'><strong>ex·</strong></span> 
     </span>
     <span class='ocr_line' id='line_1_10' title="bbox 284 1607 1821 1694; baseline 0.005 -26"><span class='ocrx_word' id='word_1_53' title='bbox 284 1607 636 1692; x_wconf 81' lang='lat' dir='ltr'><strong>spectanda</strong></span> <span class='ocrx_word' id='word_1_54' title='bbox 698 1610 985 1670; x_wconf 86' lang='lat' dir='ltr'><strong>subsidia</strong></span> <span class='ocrx_word' id='word_1_55' title='bbox 1046 1610 1207 1685; x_wconf 87' lang='lat' dir='ltr'><strong>alia,</strong></span> <span class='ocrx_word' id='word_1_56' title='bbox 1258 1632 1424 1694; x_wconf 83' lang='lat' dir='ltr'><strong>quse</strong></span> <span class='ocrx_word' id='word_1_57' title='bbox 1473 1627 1567 1674; x_wconf 90' lang='lat' dir='ltr'><strong>tot</strong></span> <span class='ocrx_word' id='word_1_58' title='bbox 1611 1617 1821 1675; x_wconf 89' lang='lat' dir='ltr'><strong>incer·</strong></span> 
     </span>
     <span class='ocr_line' id='line_1_11' title="bbox 279 1712 1819 1811; baseline 0.005 -42"><span class='ocrx_word' id='word_1_59' title='bbox 279 1725 373 1783; x_wconf 82' lang='lat' dir='ltr'><strong>ta,</strong></span> <span class='ocrx_word' id='word_1_60' title='bbox 445 1712 681 1793; x_wconf 87' lang='lat' dir='ltr'><strong>quibus</strong></span> <span class='ocrx_word' id='word_1_61' title='bbox 734 1712 1078 1811; x_wconf 72' lang='lat' dir='ltr'><strong>Bithyniae</strong></span> <span class='ocrx_word' id='word_1_62' title='bbox 1140 1713 1412 1774; x_wconf 71' lang='lat' dir='ltr'><strong>historia</strong></span> <span class='ocrx_word' id='word_1_63' title='bbox 1452 1714 1747 1793; x_wconf 82' lang='lat' dir='ltr'><strong>laborat,</strong></span> <span class='ocrx_word' id='word_1_64' title='bbox 1783 1735 1819 1777; x_wconf 89' lang='lat' dir='ltr'><strong>e</strong></span> 
     </span>
     <span class='ocr_line' id='line_1_12' title="bbox 281 1812 759 1875; baseline -0.007 -1"><span class='ocrx_word' id='word_1_65' title='bbox 281 1812 500 1875; x_wconf 88' lang='lat' dir='ltr'><strong>medio</strong></span> <span class='ocrx_word' id='word_1_66' title='bbox 554 1812 759 1874; x_wconf 88' lang='lat' dir='ltr'><strong>tollat.</strong></span> 
     </span>
    </p>

    <p class='ocr_par' dir='ltr' id='par_1_2' title="bbox 273 1912 1830 3522">
     <span class='ocr_line' id='line_1_13' title="bbox 368 1912 1822 2008; baseline 0.002 -35"><span class='ocrx_word' id='word_1_67' title='bbox 368 1913 563 2008; x_wconf 78' lang='lat' dir='ltr'><strong>Quod</strong></span> <span class='ocrx_word' id='word_1_68' title='bbox 624 1914 702 1974; x_wconf 88' lang='lat' dir='ltr'><strong>ad</strong></span> <span class='ocrx_word' id='word_1_69' title='bbox 762 1912 1061 1996; x_wconf 83' lang='lat' dir='ltr'><strong>regimen</strong></span> <span class='ocrx_word' id='word_1_70' title='bbox 1115 1914 1452 1997; x_wconf 88' lang='lat' dir='ltr'><strong>politicum</strong></span> <span class='ocrx_word' id='word_1_71' title='bbox 1498 1914 1822 1977; x_wconf 85' lang='lat' dir='ltr'><strong>Romano-</strong></span> 
     </span>
     <span class='ocr_line' id='line_1_14' title="bbox 285 2013 1830 2092; baseline 0.002 -17"><span class='ocrx_word' id='word_1_72' title='bbox 285 2035 432 2075; x_wconf 85' lang='lat' dir='ltr'><strong>rum</strong></span> <span class='ocrx_word' id='word_1_73' title='bbox 492 2015 557 2073; x_wconf 88' lang='lat' dir='ltr'><strong>in</strong></span> <span class='ocrx_word' id='word_1_74' title='bbox 618 2013 747 2076; x_wconf 90' lang='lat' dir='ltr'><strong>boc</strong></span> <span class='ocrx_word' id='word_1_75' title='bbox 806 2030 1015 2077; x_wconf 80' lang='lat' dir='ltr'><strong>tractu</strong></span> <span class='ocrx_word' id='word_1_76' title='bbox 1077 2020 1340 2092; x_wconf 76' lang='lat' dir='ltr'><strong>attinet,</strong></span> <span class='ocrx_word' id='word_1_77' title='bbox 1399 2015 1639 2078; x_wconf 81' lang='lat' dir='ltr'><strong>docent</strong></span> <span class='ocrx_word' id='word_1_78' title='bbox 1698 2019 1830 2078; x_wconf 84' lang='lat' dir='ltr'><strong>lau-</strong></span> 
     </span>
     <span class='ocr_line' id='line_1_15' title="bbox 285 2116 1825 2199; baseline 0.001 -21"><span class='ocrx_word' id='word_1_79' title='bbox 285 2116 417 2178; x_wconf 87' lang='lat' dir='ltr'><strong>dati</strong></span> <span class='ocrx_word' id='word_1_80' title='bbox 491 2116 740 2199; x_wconf 83' lang='lat' dir='ltr'><strong>Papirii</strong></span> <span class='ocrx_word' id='word_1_81' title='bbox 812 2118 1026 2193; x_wconf 89' lang='lat' dir='ltr'><strong>numi,</strong></span> <span class='ocrx_word' id='word_1_82' title='bbox 1086 2118 1270 2198; x_wconf 88' lang='lat' dir='ltr'><strong>cujus</strong></span> <span class='ocrx_word' id='word_1_83' title='bbox 1331 2138 1571 2180; x_wconf 86' lang='lat' dir='ltr'><strong>nomen</strong></span> <span class='ocrx_word' id='word_1_84' title='bbox 1632 2119 1825 2179; x_wconf 89' lang='lat' dir='ltr'><strong>etiam</strong></span> 
     </span>
     <span class='ocr_line' id='line_1_16' title="bbox 282 2215 1830 2308; baseline 0.002 -30"><span class='ocrx_word' id='word_1_85' title='bbox 282 2215 499 2278; x_wconf 77' lang='lat' dir='ltr'><strong>numia</strong></span> <span class='ocrx_word' id='word_1_86' title='bbox 577 2219 847 2279; x_wconf 82' lang='lat' dir='ltr'><strong>Mastiae</strong></span> <span class='ocrx_word' id='word_1_87' title='bbox 906 2219 1425 2308; x_wconf 84' lang='lat' dir='ltr'><strong>Paphlagoniae,</strong></span> <span class='ocrx_word' id='word_1_88' title='bbox 1503 2233 1568 2279; x_wconf 87' lang='lat' dir='ltr'><strong>et</strong></span> <span class='ocrx_word' id='word_1_89' title='bbox 1623 2220 1830 2281; x_wconf 80' lang='lat' dir='ltr'><strong>Amisi</strong></span> 
     </span>
     <span class='ocr_line' id='line_1_17' title="bbox 279 2318 1830 2411; baseline 0.005 -34"><span class='ocrx_word' id='word_1_90' title='bbox 279 2318 477 2403; x_wconf 81' lang='lat' dir='ltr'><strong>Ponti</strong></span> <span class='ocrx_word' id='word_1_91' title='bbox 545 2319 937 2411; x_wconf 81' lang='lat' dir='ltr'><strong>inscriptum</strong></span> <span class='ocrx_word' id='word_1_92' title='bbox 1004 2334 1143 2395; x_wconf 84' lang='lat' dir='ltr'><strong>est,</strong></span> <span class='ocrx_word' id='word_1_93' title='bbox 1205 2324 1480 2383; x_wconf 87' lang='lat' dir='ltr'><strong>Pontum</strong></span> <span class='ocrx_word' id='word_1_94' title='bbox 1573 2334 1640 2382; x_wconf 83' lang='lat' dir='ltr'><strong>et</strong></span> <span class='ocrx_word' id='word_1_95' title='bbox 1710 2324 1830 2384; x_wconf 77' lang='lat' dir='ltr'><strong>Pa-</strong></span> 
     </span>
     <span class='ocr_line' id='line_1_18' title="bbox 280 2398 1825 2504; baseline 0.005 -26"><span class='ocrx_word' id='word_1_96' title='bbox 280 2398 674 2504; x_wconf 79' lang='lat' dir='ltr'><strong>phlagoniae</strong></span> <span class='ocrx_word' id='word_1_97' title='bbox 731 2434 984 2502; x_wconf 82' lang='lat' dir='ltr'><strong>partem</strong></span> <span class='ocrx_word' id='word_1_98' title='bbox 1039 2420 1167 2503; x_wconf 84' lang='lat' dir='ltr'><strong>jam</strong></span> <span class='ocrx_word' id='word_1_99' title='bbox 1229 2437 1513 2485; x_wconf 81' lang='lat' dir='ltr'><strong>exeunte</strong></span> <span class='ocrx_word' id='word_1_100' title='bbox 1560 2423 1825 2485; x_wconf 81' lang='lat' dir='ltr'><strong>saeculo</strong></span> 
     </span>
     <span class='ocr_line' id='line_1_19' title="bbox 278 2521 1828 2608; baseline 0.003 -27"><span class='ocrx_word' id='word_1_101' title='bbox 278 2523 430 2591; x_wconf 87' lang='lat' dir='ltr'><strong>vn</strong></span> <span class='ocrx_word' id='word_1_102' title='bbox 508 2521 687 2582; x_wconf 86' lang='lat' dir='ltr'><strong>urbis</strong></span> <span class='ocrx_word' id='word_1_103' title='bbox 769 2521 1070 2583; x_wconf 86' lang='lat' dir='ltr'><strong>conditae</strong></span> <span class='ocrx_word' id='word_1_104' title='bbox 1130 2524 1475 2606; x_wconf 74' lang='lat' dir='ltr'><strong>Bithyniae</strong></span> <span class='ocrx_word' id='word_1_105' title='bbox 1534 2524 1828 2608; x_wconf 83' lang='lat' dir='ltr'><strong>praetori</strong></span> 
     </span>
     <span class='ocr_line' id='line_1_20' title="bbox 278 2624 1825 2713; baseline -0.003 -21"><span class='ocrx_word' id='word_1_106' title='bbox 278 2628 485 2692; x_wconf 81' lang='lat' dir='ltr'><strong>fuisse</strong></span> <span class='ocrx_word' id='word_1_107' title='bbox 518 2624 913 2713; x_wconf 76' lang='lat' dir='ltr'><strong>attributam,</strong></span> <span class='ocrx_word' id='word_1_108' title='bbox 945 2624 1169 2706; x_wconf 79' lang='lat' dir='ltr'><strong>fugato</strong></span> <span class='ocrx_word' id='word_1_109' title='bbox 1201 2624 1825 2713; x_wconf 84' lang='lat' dir='ltr'><strong>nempeaPompejo</strong></span> 
     </span>
     <span class='ocr_line' id='line_1_21' title="bbox 274 2726 1826 2810; baseline -0.003 -18"><span class='ocrx_word' id='word_1_110' title='bbox 274 2727 677 2800; x_wconf 68' lang='lat' dir='ltr'><strong>Mithridate,</strong></span> <span class='ocrx_word' id='word_1_111' title='bbox 721 2740 786 2789; x_wconf 85' lang='lat' dir='ltr'><strong>et</strong></span> <span class='ocrx_word' id='word_1_112' title='bbox 827 2729 1162 2790; x_wconf 82' lang='lat' dir='ltr'><strong>Pharnace</strong></span> <span class='ocrx_word' id='word_1_113' title='bbox 1196 2726 1336 2790; x_wconf 86' lang='lat' dir='ltr'><strong>filio</strong></span> <span class='ocrx_word' id='word_1_114' title='bbox 1374 2728 1542 2791; x_wconf 67' lang='lat' dir='ltr'><strong>intra</strong></span> <span class='ocrx_word' id='word_1_115' title='bbox 1578 2729 1826 2810; x_wconf 87' lang='lat' dir='ltr'><strong>Bospo-</strong></span> 
     </span>
     <span class='ocr_line' id='line_1_22' title="bbox 277 2829 1850 2912; baseline -0.002 -19"><span class='ocrx_word' id='word_1_116' title='bbox 277 2850 427 2894; x_wconf 86' lang='lat' dir='ltr'><strong>rum</strong></span> <span class='ocrx_word' id='word_1_117' title='bbox 461 2829 795 2895; x_wconf 87' lang='lat' dir='ltr'><strong>concluso.</strong></span> <span class='ocrx_word' id='word_1_118' title='bbox 838 2831 999 2890; x_wconf 86' lang='lat' dir='ltr'><strong>Nam</strong></span> <span class='ocrx_word' id='word_1_119' title='bbox 1039 2831 1371 2894; x_wconf 82' lang='lat' dir='ltr'><strong>circa&#39;hoc</strong></span> <span class='ocrx_word' id='word_1_120' title='bbox 1418 2845 1709 2912; x_wconf 79' lang='lat' dir='ltr'><strong>tempus,</strong></span> <span class='ocrx_word' id='word_1_121' title='bbox 1753 2843 1850 2911; x_wconf 89' lang='lat' dir='ltr'><strong>ut</strong></span> 
     </span>
     <span class='ocr_line' id='line_1_23' title="bbox 277 2931 1828 3016; baseline -0.002 -22"><span class='ocrx_word' id='word_1_122' title='bbox 277 2933 582 3016; x_wconf 88' lang='lat' dir='ltr'><strong>inscripti</strong></span> <span class='ocrx_word' id='word_1_123' title='bbox 627 2931 917 3016; x_wconf 83' lang='lat' dir='ltr'><strong>epochae</strong></span> <span class='ocrx_word' id='word_1_124' title='bbox 950 2931 1101 2994; x_wconf 83' lang='lat' dir='ltr'><strong>anni</strong></span> <span class='ocrx_word' id='word_1_125' title='bbox 1131 2931 1594 3015; x_wconf 87' lang='lat' dir='ltr'><strong>comprobant,</strong></span> <span class='ocrx_word' id='word_1_126' title='bbox 1638 2931 1828 3013; x_wconf 88' lang='lat' dir='ltr'><strong>Papi·</strong></span> 
     </span>
     <span class='ocr_line' id='line_1_24' title="bbox 275 3031 1824 3118; baseline 0.001 -21"><span class='ocrx_word' id='word_1_127' title='bbox 275 3036 419 3098; x_wconf 83' lang='lat' dir='ltr'><strong>rius</strong></span> <span class='ocrx_word' id='word_1_128' title='bbox 446 3036 814 3115; x_wconf 78' lang='lat' dir='ltr'><strong>Bithyniam</strong></span> <span class='ocrx_word' id='word_1_129' title='bbox 851 3031 1042 3097; x_wconf 79' lang='lat' dir='ltr'><strong>rexit.</strong></span> <span class='ocrx_word' id='word_1_130' title='bbox 1084 3033 1307 3095; x_wconf 81' lang='lat' dir='ltr'><strong>Altera</strong></span> <span class='ocrx_word' id='word_1_131' title='bbox 1338 3034 1824 3118; x_wconf 80' lang='lat' dir='ltr'><strong>Paphlagoniae</strong></span> 
     </span>
     <span class='ocr_line' id='line_1_25' title="bbox 273 3136 1827 3222; baseline -0.001 -21"><span class='ocrx_word' id='word_1_132' title='bbox 273 3160 428 3222; x_wconf 86' lang='lat' dir='ltr'><strong>pars</strong></span> <span class='ocrx_word' id='word_1_133' title='bbox 460 3154 595 3199; x_wconf 88' lang='lat' dir='ltr'><strong>tum</strong></span> <span class='ocrx_word' id='word_1_134' title='bbox 630 3136 758 3199; x_wconf 81' lang='lat' dir='ltr'><strong>buc</strong></span> <span class='ocrx_word' id='word_1_135' title='bbox 790 3156 916 3196; x_wconf 90' lang='lat' dir='ltr'><strong>non</strong></span> <span class='ocrx_word' id='word_1_136' title='bbox 949 3136 1282 3220; x_wconf 77' lang='lat' dir='ltr'><strong>pertinuit,</strong></span> <span class='ocrx_word' id='word_1_137' title='bbox 1316 3143 1487 3219; x_wconf 67' lang='lat' dir='ltr'><strong>‘quae</strong></span> <span class='ocrx_word' id='word_1_138' title='bbox 1525 3137 1827 3220; x_wconf 85' lang='lat' dir='ltr'><strong>proprios</strong></span> 
     </span>
     <span class='ocr_line' id='line_1_26' title="bbox 273 3232 1829 3324; baseline -0.004 -21"><span class='ocrx_word' id='word_1_139' title='bbox 273 3232 506 3303; x_wconf 79' lang='lat' dir='ltr'><strong>babuit</strong></span> <span class='ocrx_word' id='word_1_140' title='bbox 540 3258 759 3319; x_wconf 84' lang='lat' dir='ltr'><strong>reges.</strong></span> <span class='ocrx_word' id='word_1_141' title='bbox 803 3240 925 3299; x_wconf 89' lang='lat' dir='ltr'><strong>His</strong></span> <span class='ocrx_word' id='word_1_142' title='bbox 979 3238 1316 3324; x_wconf 72' lang='lat' dir='ltr'><strong>exstinctis</strong></span> <span class='ocrx_word' id='word_1_143' title='bbox 1356 3243 1681 3320; x_wconf 79' lang='lat' dir='ltr'><strong>Augustus</strong></span> <span class='ocrx_word' id='word_1_144' title='bbox 1717 3234 1829 3298; x_wconf 87' lang='lat' dir='ltr'><strong>eo-</strong></span> 
     </span>
     <span class='ocr_line' id='line_1_27' title="bbox 278 3328 1825 3421; baseline -0.002 -20"><span class='ocrx_word' id='word_1_145' title='bbox 278 3361 430 3401; x_wconf 81' lang='lat' dir='ltr'><strong>rum</strong></span> <span class='ocrx_word' id='word_1_146' title='bbox 506 3329 822 3402; x_wconf 79' lang='lat' dir='ltr'><strong>ditionem</strong></span> <span class='ocrx_word' id='word_1_147' title='bbox 894 3360 1040 3400; x_wconf 89' lang='lat' dir='ltr'><strong>cum</strong></span> <span class='ocrx_word' id='word_1_148' title='bbox 1122 3328 1378 3401; x_wconf 70' lang='lat' dir='ltr'><strong>Amasin</strong></span> <span class='ocrx_word' id='word_1_149' title='bbox 1471 3337 1825 3421; x_wconf 82' lang='lat' dir='ltr'><strong>conjunxit,</strong></span> 
     </span>
     <span class='ocr_line' id='line_1_28' title="bbox 276 3431 1824 3522; baseline -0.001 -19"><span class='ocrx_word' id='word_1_150' title='bbox 276 3460 356 3503; x_wconf 77' lang='lat' dir='ltr'><strong>ac</strong></span> <span class='ocrx_word' id='word_1_151' title='bbox 418 3455 552 3502; x_wconf 87' lang='lat' dir='ltr'><strong>tum</strong></span> <span class='ocrx_word' id='word_1_152' title='bbox 614 3440 962 3502; x_wconf 80' lang='lat' dir='ltr'><strong>vocabatur</strong></span> <span class='ocrx_word' id='word_1_153' title='bbox 1033 3434 1303 3522; x_wconf 72' lang='grc' dir='ltr'><strong>ἔπαρχια</strong></span> <span class='ocrx_word' id='word_1_154' title='bbox 1346 3431 1676 3514; x_wconf 67' lang='lat' dir='ltr'><strong>‘flori-mn,</strong></span> <span class='ocrx_word' id='word_1_155' title='bbox 1754 3454 1824 3502; x_wconf 85' lang='lat' dir='ltr'><strong>ut</strong></span> 
     </span>
    </p>
   </div>
   <div class='ocr_carea' id='block_1_2' title="bbox 281 3535 1851 3612">
    <p class='ocr_par' dir='ltr' id='par_1_3' title="bbox 281 3535 1851 3612">
     <span class='ocr_line' id='line_1_29' title="bbox 281 3535 1851 3612; baseline -0.003 -6"><span class='ocrx_word' id='word_1_156' title='bbox 281 3540 484 3606; x_wconf 76' lang='lat' dir='ltr'><strong>docet</strong></span> <span class='ocrx_word' id='word_1_157' title='bbox 527 3535 781 3606; x_wconf 88' lang='lat' dir='ltr'><strong>Strabo.</strong></span> <span class='ocrx_word' id='word_1_158' title='bbox 865 3543 1133 3603; x_wconf 87' lang='lat' dir='ltr'><strong>Factum</strong></span> <span class='ocrx_word' id='word_1_159' title='bbox 1182 3538 1354 3602; x_wconf 82' lang='lat' dir='ltr'><strong>istud</strong></span> <span class='ocrx_word' id='word_1_160' title='bbox 1401 3541 1573 3601; x_wconf 88' lang='lat' dir='ltr'><strong>haud</strong></span> <span class='ocrx_word' id='word_1_161' title='bbox 1626 3538 1851 3612; x_wconf 61' lang='lat' dir='ltr'><strong>dubie,</strong></span> 
     </span>
    </p>
   </div>
   <div class='ocr_carea' id='block_1_3' title="bbox 276 3639 1821 3725">
    <p class='ocr_par' dir='ltr' id='par_1_4' title="bbox 276 3639 1821 3725">
     <span class='ocr_line' id='line_1_30' title="bbox 276 3639 1821 3725; baseline -0.001 -23"><span class='ocrx_word' id='word_1_162' title='bbox 276 3663 446 3702; x_wconf 75' lang='lat' dir='ltr'><strong>anno</strong></span> <span class='ocrx_word' id='word_1_163' title='bbox 524 3641 603 3705; x_wconf 87' lang='lat' dir='ltr'><strong>V.</strong></span> <span class='ocrx_word' id='word_1_164' title='bbox 687 3642 761 3706; x_wconf 88' lang='lat' dir='ltr'><strong>C.</strong></span> <span class='ocrx_word' id='word_1_165' title='bbox 834 3655 1005 3725; x_wconf 68' lang='lat'><strong>747„</strong></span> <span class='ocrx_word' id='word_1_166' title='bbox 1081 3662 1228 3704; x_wconf 82' lang='lat' dir='ltr'><strong>nam</strong></span> <span class='ocrx_word' id='word_1_167' title='bbox 1302 3640 1382 3702; x_wconf 89' lang='lat' dir='ltr'><strong>ab</strong></span> <span class='ocrx_word' id='word_1_168' title='bbox 1465 3639 1592 3704; x_wconf 85' lang='lat' dir='ltr'><strong>hoc</strong></span> <span class='ocrx_word' id='word_1_169' title='bbox 1640 3659 1821 3724; x_wconf 70' lang='lat' dir='ltr'><strong>¹anno</strong></span> 
     </span>
    </p>
   </div>
   <div class='ocr_carea' id='block_1_4' title="bbox 279 3737 1853 3827">
    <p class='ocr_par' dir='ltr' id='par_1_5' title="bbox 279 3737 1853 3827">
     <span class='ocr_line' id='line_1_31' title="bbox 279 3737 1853 3827; baseline -0.001 -23"><span class='ocrx_word' id='word_1_170' title='bbox 279 3740 541 3806; x_wconf 81' lang='lat' dir='ltr'><strong>Amasia</strong></span> <span class='ocrx_word' id='word_1_171' title='bbox 584 3743 821 3817; x_wconf 86' lang='lat' dir='ltr'><strong>Ponti,</strong></span> <span class='ocrx_word' id='word_1_172' title='bbox 878 3741 1486 3827; x_wconf 73' lang='lat' dir='ltr'><strong>Germanicopolis,</strong></span> <span class='ocrx_word' id='word_1_173' title='bbox 1533 3756 1601 3805; x_wconf 91' lang='lat' dir='ltr'><strong>et</strong></span> <span class='ocrx_word' id='word_1_174' title='bbox 1642 3737 1853 3806; x_wconf 63' lang='lat' dir='ltr'><strong>Neo-¹</strong></span> 
     </span>
    </p>
   </div>
   <div class='ocr_carea' id='block_1_5' title="bbox 276 3841 1824 4436">
    <p class='ocr_par' dir='ltr' id='par_1_6' title="bbox 276 3841 1824 4436">
     <span class='ocr_line' id='line_1_32' title="bbox 280 3841 1821 3927; baseline -0.001 -20"><span class='ocrx_word' id='word_1_175' title='bbox 280 3843 717 3927; x_wconf 84' lang='lat' dir='ltr'><strong>claudiopolis</strong></span> <span class='ocrx_word' id='word_1_176' title='bbox 790 3841 1271 3927; x_wconf 79' lang='lat' dir='ltr'><strong>Paphlagoniae</strong></span> <span class='ocrx_word' id='word_1_177' title='bbox 1346 3862 1564 3905; x_wconf 85' lang='lat' dir='ltr'><strong>aeram</strong></span> <span class='ocrx_word' id='word_1_178' title='bbox 1641 3863 1821 3905; x_wconf 85' lang='lat' dir='ltr'><strong>suam</strong></span> 
     </span>
     <span class='ocr_line' id='line_1_33' title="bbox 280 3933 1822 4027; baseline -0.003 -18"><span class='ocrx_word' id='word_1_179' title='bbox 280 3946 563 4009; x_wconf 79' lang='lat' dir='ltr'><strong>testibus</strong></span> <span class='ocrx_word' id='word_1_180' title='bbox 619 3943 830 4027; x_wconf 66' lang='lat' dir='ltr'><strong>numis</strong></span> <span class='ocrx_word' id='word_1_181' title='bbox 883 3933 1295 4009; x_wconf 82' lang='lat' dir='ltr'><strong>inchoarunt.</strong></span> <span class='ocrx_word' id='word_1_182' title='bbox 1384 3945 1562 4007; x_wconf 88' lang='lat' dir='ltr'><strong>Idem</strong></span> <span class='ocrx_word' id='word_1_183' title='bbox 1606 3945 1822 4027; x_wconf 77' lang='lat' dir='ltr'><strong>Augu·</strong></span> 
     </span>
     <span class='ocr_line' id='line_1_34' title="bbox 286 4035 1822 4136; baseline -0.003 -26"><span class='ocrx_word' id='word_1_184' title='bbox 286 4061 428 4110; x_wconf 86' lang='lat' dir='ltr'><strong>stus</strong></span> <span class='ocrx_word' id='word_1_185' title='bbox 507 4035 758 4136; x_wconf 71' lang='lat' dir='ltr'><strong>partein</strong></span> <span class='ocrx_word' id='word_1_186' title='bbox 836 4046 1031 4108; x_wconf 90' lang='lat' dir='ltr'><strong>Ponti</strong></span> <span class='ocrx_word' id='word_1_187' title='bbox 1083 4044 1430 4108; x_wconf 86' lang='lat' dir='ltr'><strong>Polemoni</strong></span> <span class='ocrx_word' id='word_1_188' title='bbox 1491 4043 1540 4112; x_wconf 73' lang='lat'><strong>1,</strong></span> <span class='ocrx_word' id='word_1_189' title='bbox 1603 4045 1822 4118; x_wconf 78' lang='lat' dir='ltr'><strong>cessit,</strong></span> 
     </span>
     <span class='ocr_line' id='line_1_35' title="bbox 278 4147 1821 4234; baseline -0.001 -26"><span class='ocrx_word' id='word_1_190' title='bbox 278 4148 398 4230; x_wconf 79' lang='lat' dir='ltr'><strong>qui</strong></span> <span class='ocrx_word' id='word_1_191' title='bbox 445 4148 525 4210; x_wconf 87' lang='lat' dir='ltr'><strong>ab</strong></span> <span class='ocrx_word' id='word_1_192' title='bbox 567 4148 694 4211; x_wconf 89' lang='lat' dir='ltr'><strong>hoc</strong></span> <span class='ocrx_word' id='word_1_193' title='bbox 743 4147 956 4234; x_wconf 82' lang='lat' dir='ltr'><strong>dictus</strong></span> <span class='ocrx_word' id='word_1_194' title='bbox 1001 4162 1101 4211; x_wconf 85' lang='lat' dir='ltr'><strong>est</strong></span> <span class='ocrx_word' id='word_1_195' title='bbox 1143 4152 1648 4213; x_wconf 73' lang='lat' dir='ltr'><strong>Polemoniacus.</strong></span> <span class='ocrx_word' id='word_1_196' title='bbox 1736 4149 1821 4207; x_wconf 88' lang='lat' dir='ltr'><strong>At</strong></span> 
     </span>
     <span class='ocr_line' id='line_1_36' title="bbox 276 4240 1824 4312; baseline -0.003 -1"><span class='ocrx_word' id='word_1_197' title='bbox 276 4249 562 4312; x_wconf 83' lang='lat' dir='ltr'><strong>Polemo</strong></span> <span class='ocrx_word' id='word_1_198' title='bbox 622 4249 702 4309; x_wconf 90' lang='lat'><strong>11.</strong></span> <span class='ocrx_word' id='word_1_199' title='bbox 760 4240 968 4312; x_wconf 84' lang='lat' dir='ltr'><strong>totum</strong></span> <span class='ocrx_word' id='word_1_200' title='bbox 1026 4269 1177 4312; x_wconf 86' lang='lat' dir='ltr'><strong>eum</strong></span> <span class='ocrx_word' id='word_1_201' title='bbox 1238 4264 1511 4312; x_wconf 85' lang='lat' dir='ltr'><strong>tractum</strong></span> <span class='ocrx_word' id='word_1_202' title='bbox 1572 4245 1824 4311; x_wconf 69' lang='lat' dir='ltr'><strong>Neroni</strong></span> 
     </span>
     <span class='ocr_line' id='line_1_37' title="bbox 278 4345 1822 4436; baseline -0.002 -22"><span class='ocrx_word' id='word_1_203' title='bbox 278 4347 606 4428; x_wconf 74' lang='lat' dir='ltr'><strong>restitnit,</strong></span> <span class='ocrx_word' id='word_1_204' title='bbox 675 4352 787 4436; x_wconf 84' lang='lat' dir='ltr'><strong>qui</strong></span> <span class='ocrx_word' id='word_1_205' title='bbox 858 4370 1009 4412; x_wconf 89' lang='lat' dir='ltr'><strong>eum</strong></span> <span class='ocrx_word' id='word_1_206' title='bbox 1088 4370 1239 4413; x_wconf 91' lang='lat' dir='ltr'><strong>cum</strong></span> <span class='ocrx_word' id='word_1_207' title='bbox 1297 4351 1556 4435; x_wconf 79' lang='lat' dir='ltr'><strong>reliquo</strong></span> <span class='ocrx_word' id='word_1_208' title='bbox 1608 4345 1822 4412; x_wconf 89' lang='lat' dir='ltr'><strong>Ponto</strong></span> 
     </span>
    </p>
   </div>
   <div class='ocr_carea' id='block_1_6' title="bbox 1893 612 3426 754">
    <p class='ocr_par' dir='ltr' id='par_1_7' title="bbox 1893 612 3426 754">
     <span class='ocr_line' id='line_1_38' title="bbox 1893 612 3426 754; baseline 0.014 -45"><span class='ocrx_word' id='word_1_209' title='bbox 1893 638 1962 711; x_wconf 88' lang='lat' dir='ltr'>Y</span> <span class='ocrx_word' id='word_1_210' title='bbox 2059 637 2126 711; x_wconf 82' lang='grc' dir='ltr'><strong>Ν</strong></span> <span class='ocrx_word' id='word_1_211' title='bbox 2222 612 2444 754; x_wconf 52' lang='lat'><strong>1&#39;4.</strong></span> <span class='ocrx_word' id='word_1_212' title='bbox 3281 651 3426 731; x_wconf 81' lang='lat'><strong>³99</strong></span> 
     </span>
    </p>
   </div>
   <div class='ocr_carea' id='block_1_7' title="bbox 1889 798 3610 891">
    <p class='ocr_par' dir='ltr' id='par_1_8' title="bbox 1889 798 3610 891">
     <span class='ocr_line' id='line_1_39' title="bbox 1889 798 3610 891; baseline -0.002 -20"><span class='ocrx_word' id='word_1_213' title='bbox 1889 807 2225 891; x_wconf 65' lang='lat' dir='ltr'><strong>conjunxit</strong></span> <span class='ocrx_word' id='word_1_214' title='bbox 2281 809 2364 874; x_wconf 85' lang='lat' dir='ltr'><strong>V.</strong></span> <span class='ocrx_word' id='word_1_215' title='bbox 2423 806 2497 869; x_wconf 85' lang='lat' dir='ltr'><strong>C.</strong></span> <span class='ocrx_word' id='word_1_216' title='bbox 2561 808 2708 873; x_wconf 75' lang='lat'><strong>8⁸5.</strong></span> <span class='ocrx_word' id='word_1_217' title='bbox 2769 800 2875 873; x_wconf 55' lang='lat' dir='ltr'><strong>iel</strong></span> <span class='ocrx_word' id='word_1_218' title='bbox 2932 804 3108 885; x_wconf 44' lang='grc' dir='ltr'><strong>δώῃ</strong></span> <span class='ocrx_word' id='word_1_219' title='bbox 3170 825 3255 868; x_wconf 79' lang='lat' dir='ltr'><strong>ex</strong></span> <span class='ocrx_word' id='word_1_220' title='bbox 3302 802 3477 889; x_wconf 81' lang='lat' dir='ltr'><strong>quo·</strong></span> <span class='ocrx_word' id='word_1_221' title='bbox 3601 798 3610 809; x_wconf 45' lang='lat'>⁸</span> 
     </span>
    </p>
   </div>
   <div class='ocr_carea' id='block_1_8' title="bbox 1890 906 3484 4226">
    <p class='ocr_par' dir='ltr' id='par_1_9' title="bbox 1890 906 3484 4226">
     <span class='ocr_line' id='line_1_40' title="bbox 1891 906 3432 989; baseline -0.001 -21"><span class='ocrx_word' id='word_1_222' title='bbox 1891 907 2590 989; x_wconf 73' lang='lat' dir='ltr'><strong>memorabili&#39;eventu</strong></span> <span class='ocrx_word' id='word_1_223' title='bbox 2645 910 2838 973; x_wconf 89' lang='lat' dir='ltr'><strong>Ponti</strong></span> <span class='ocrx_word' id='word_1_224' title='bbox 2888 912 3084 970; x_wconf 82' lang='lat' dir='ltr'><strong>urbes</strong></span> <span class='ocrx_word' id='word_1_225' title='bbox 3141 906 3432 969; x_wconf 85' lang='lat' dir='ltr'><strong>Neocae-</strong></span> 
     </span>
     <span class='ocr_line' id='line_1_41' title="bbox 1890 1004 3429 1094; baseline -0.002 -24"><span class='ocrx_word' id='word_1_226' title='bbox 1890 1031 2110 1084; x_wconf 83' lang='lat' dir='ltr'><strong>sarea,</strong></span> <span class='ocrx_word' id='word_1_227' title='bbox 2172 1015 2550 1094; x_wconf 73' lang='lat' dir='ltr'><strong>Trapezus,</strong></span> <span class='ocrx_word' id='word_1_228' title='bbox 2611 1026 2676 1071; x_wconf 91' lang='lat' dir='ltr'><strong>et</strong></span> <span class='ocrx_word' id='word_1_229' title='bbox 2737 1010 2899 1072; x_wconf 85' lang='lat' dir='ltr'><strong>Zela</strong></span> <span class='ocrx_word' id='word_1_230' title='bbox 2957 1004 3275 1091; x_wconf 86' lang='lat' dir='ltr'><strong>epocham</strong></span> <span class='ocrx_word' id='word_1_231' title='bbox 3331 1008 3429 1068; x_wconf 74' lang='lat' dir='ltr'><strong>in-</strong></span> 
     </span>
     <span class='ocr_line' id='line_1_42' title="bbox 1890 1109 3434 1197; baseline 0 -27"><span class='ocrx_word' id='word_1_232' title='bbox 1890 1109 2209 1197; x_wconf 83' lang='lat' dir='ltr'><strong>choatunt</strong></span> <span class='ocrx_word' id='word_1_233' title='bbox 2270 1114 2469 1175; x_wconf 83' lang='lat' dir='ltr'><strong>ducto</strong></span> <span class='ocrx_word' id='word_1_234' title='bbox 2528 1110 2853 1197; x_wconf 67' lang='lat' dir='ltr'><strong>principio</strong></span> <span class='ocrx_word' id='word_1_235' title='bbox 2899 1109 2980 1172; x_wconf 77' lang='lat' dir='ltr'><strong>ab</strong></span> <span class='ocrx_word' id='word_1_236' title='bbox 3023 1131 3190 1171; x_wconf 86' lang='lat' dir='ltr'><strong>anno</strong></span> <span class='ocrx_word' id='word_1_237' title='bbox 3239 1111 3315 1174; x_wconf 82' lang='lat' dir='ltr'>V</span> <span class='ocrx_word' id='word_1_238' title='bbox 3359 1109 3434 1173; x_wconf 83' lang='lat' dir='ltr'><strong>C.</strong></span> 
     </span>
     <span class='ocr_line' id='line_1_43' title="bbox 1895 1209 3433 1292; baseline 0.001 -23"><span class='ocrx_word' id='word_1_239' title='bbox 1895 1214 2043 1281; x_wconf 68' lang='lat'><strong>820.</strong></span> <span class='ocrx_word' id='word_1_240' title='bbox 2131 1212 2387 1275; x_wconf 82' lang='lat' dir='ltr'><strong>Exinde</strong></span> <span class='ocrx_word' id='word_1_241' title='bbox 2447 1217 2726 1274; x_wconf 86' lang='lat' dir='ltr'><strong>Pontum</strong></span> <span class='ocrx_word' id='word_1_242' title='bbox 2787 1210 3150 1292; x_wconf 82' lang='lat' dir='ltr'><strong>subjectum</strong></span> <span class='ocrx_word' id='word_1_243' title='bbox 3228 1209 3433 1271; x_wconf 82' lang='lat' dir='ltr'><strong>fuisse</strong></span> 
     </span>
     <span class='ocr_line' id='line_1_44' title="bbox 1894 1308 3435 1395; baseline -0.001 -23"><span class='ocrx_word' id='word_1_244' title='bbox 1894 1310 2229 1395; x_wconf 83' lang='lat' dir='ltr'><strong>Bithyniae</strong></span> <span class='ocrx_word' id='word_1_245' title='bbox 2318 1308 2856 1395; x_wconf 77' lang='lat' dir='ltr'><strong>proconsulibus,</strong></span> <span class='ocrx_word' id='word_1_246' title='bbox 2935 1308 3118 1372; x_wconf 79' lang='lat' dir='ltr'><strong>numi</strong></span> <span class='ocrx_word' id='word_1_247' title='bbox 3191 1310 3435 1372; x_wconf 81' lang='lat' dir='ltr'><strong>affatim</strong></span> 
     </span>
     <span class='ocr_line' id='line_1_45' title="bbox 1895 1410 3434 1509; baseline -0.003 -32"><span class='ocrx_word' id='word_1_248' title='bbox 1895 1415 2327 1509; x_wconf 83' lang='lat' dir='ltr'><strong>comptobant</strong></span> <span class='ocrx_word' id='word_1_249' title='bbox 2394 1416 2630 1497; x_wconf 82' lang='lat' dir='ltr'><strong>signati</strong></span> <span class='ocrx_word' id='word_1_250' title='bbox 2673 1410 3139 1487; x_wconf 81' lang='lat' dir='ltr'><strong>Nicomediae,</strong></span> <span class='ocrx_word' id='word_1_251' title='bbox 3186 1413 3249 1472; x_wconf 85' lang='lat' dir='ltr'><strong>in</strong></span> <span class='ocrx_word' id='word_1_252' title='bbox 3296 1413 3434 1495; x_wconf 89' lang='lat' dir='ltr'><strong>qui·</strong></span> 
     </span>
     <span class='ocr_line' id='line_1_46' title="bbox 1894 1508 3433 1579; baseline -0.003 -2"><span class='ocrx_word' id='word_1_253' title='bbox 1894 1518 2016 1577; x_wconf 87' lang='lat' dir='ltr'><strong>bus</strong></span> <span class='ocrx_word' id='word_1_254' title='bbox 2094 1536 2167 1576; x_wconf 85' lang='lat' dir='ltr'><strong>ea</strong></span> <span class='ocrx_word' id='word_1_255' title='bbox 2245 1517 2403 1578; x_wconf 83' lang='lat' dir='ltr'><strong>uibs</strong></span> <span class='ocrx_word' id='word_1_256' title='bbox 2467 1516 2705 1579; x_wconf 84' lang='lat' dir='ltr'><strong>dieitut</strong></span> <span class='ocrx_word' id='word_1_257' title='bbox 2760 1508 3433 1578; x_wconf 77' lang='grc' dir='ltr'><strong>ΜΗΤΡΟΠΟΛΙΣ.</strong></span> 
     </span>
     <span class='ocr_line' id='line_1_47' title="bbox 1894 1610 3438 1682; baseline -0.001 -5"><span class='ocrx_word' id='word_1_258' title='bbox 1894 1617 2085 1681; x_wconf 75' lang='grc' dir='ltr'><strong>ΚΑΙ.</strong></span> <span class='ocrx_word' id='word_1_259' title='bbox 2108 1611 2340 1676; x_wconf 86' lang='grc' dir='ltr'>ΠΡΩ’</span> <span class='ocrx_word' id='word_1_260' title='bbox 2347 1612 2476 1682; x_wconf 86' lang='grc' dir='ltr'><strong>ΓΗ</strong></span> <span class='ocrx_word' id='word_1_261' title='bbox 2490 1614 2977 1682; x_wconf 81' lang='grc' dir='ltr'><strong>ΒΙΘΤΝῙΑΣ.</strong></span> <span class='ocrx_word' id='word_1_262' title='bbox 2997 1612 3178 1682; x_wconf 77' lang='grc' dir='ltr'><strong>ΚΑΙ.</strong></span> <span class='ocrx_word' id='word_1_263' title='bbox 3207 1610 3438 1675; x_wconf 83' lang='lat' dir='ltr'><strong>HON·</strong></span> 
     </span>
     <span class='ocr_line' id='line_1_48' title="bbox 1896 1696 3440 1801; baseline 0.001 -24"><span class='ocrx_word' id='word_1_264' title='bbox 1896 1714 2133 1793; x_wconf 69' lang='lat' dir='ltr'>TOT„</span> <span class='ocrx_word' id='word_1_265' title='bbox 2198 1733 2394 1799; x_wconf 86' lang='lat' dir='ltr'><strong>atque</strong></span> <span class='ocrx_word' id='word_1_266' title='bbox 2451 1717 2621 1781; x_wconf 86' lang='lat' dir='ltr'><strong>istud</strong></span> <span class='ocrx_word' id='word_1_267' title='bbox 2662 1696 2908 1782; x_wconf 84' lang='lat' dir='ltr'><strong>circum</strong></span> <span class='ocrx_word' id='word_1_268' title='bbox 2963 1736 3260 1801; x_wconf 79' lang='lat' dir='ltr'><strong>tempora</strong></span> <span class='ocrx_word' id='word_1_269' title='bbox 3307 1714 3440 1778; x_wconf 85' lang='lat' dir='ltr'><strong>Do·</strong></span> 
     </span>
     <span class='ocr_line' id='line_1_49' title="bbox 1896 1818 3438 1900; baseline 0 -20"><span class='ocrx_word' id='word_1_270' title='bbox 1896 1820 2149 1881; x_wconf 72' lang='lat' dir='ltr'><strong>miliani</strong></span> <span class='ocrx_word' id='word_1_271' title='bbox 2189 1835 2257 1880; x_wconf 87' lang='lat' dir='ltr'><strong>et</strong></span> <span class='ocrx_word' id='word_1_272' title='bbox 2305 1818 2588 1900; x_wconf 74' lang='lat' dir='ltr'><strong>Traiani.</strong></span> <span class='ocrx_word' id='word_1_273' title='bbox 2677 1823 2824 1883; x_wconf 88' lang='lat' dir='ltr'><strong>Non</strong></span> <span class='ocrx_word' id='word_1_274' title='bbox 2868 1822 3075 1882; x_wconf 85' lang='lat' dir='ltr'><strong>multo</strong></span> <span class='ocrx_word' id='word_1_275' title='bbox 3123 1834 3267 1900; x_wconf 89' lang='lat' dir='ltr'><strong>post</strong></span> <span class='ocrx_word' id='word_1_276' title='bbox 3300 1839 3438 1880; x_wconf 86' lang='lat' dir='ltr'><strong>mu·</strong></span> 
     </span>
     <span class='ocr_line' id='line_1_50' title="bbox 1894 1919 3440 2004; baseline -0.001 -21"><span class='ocrx_word' id='word_1_277' title='bbox 1894 1927 2067 1983; x_wconf 81' lang='lat' dir='ltr'><strong>tatus</strong></span> <span class='ocrx_word' id='word_1_278' title='bbox 2140 1919 2521 2004; x_wconf 79' lang='lat' dir='ltr'><strong>provinciae</strong></span> <span class='ocrx_word' id='word_1_279' title='bbox 2588 1935 2812 1987; x_wconf 88' lang='lat' dir='ltr'><strong>status.</strong></span> <span class='ocrx_word' id='word_1_280' title='bbox 2919 1923 3081 1983; x_wconf 85' lang='lat' dir='ltr'><strong>Nam</strong></span> <span class='ocrx_word' id='word_1_281' title='bbox 3140 1941 3285 1982; x_wconf 89' lang='lat' dir='ltr'><strong>cum</strong></span> <span class='ocrx_word' id='word_1_282' title='bbox 3354 1940 3440 1982; x_wconf 87' lang='lat' dir='ltr'><strong>ex</strong></span> 
     </span>
     <span class='ocr_line' id='line_1_51' title="bbox 1900 2020 3443 2107; baseline 0 -24"><span class='ocrx_word' id='word_1_283' title='bbox 1900 2023 2108 2107; x_wconf 84' lang='lat' dir='ltr'><strong>prima</strong></span> <span class='ocrx_word' id='word_1_284' title='bbox 2159 2023 2433 2103; x_wconf 78' lang='lat' dir='ltr'><strong>Augusti</strong></span> <span class='ocrx_word' id='word_1_285' title='bbox 2480 2020 2801 2084; x_wconf 78' lang='lat' dir='ltr'><strong>divisione</strong></span> <span class='ocrx_word' id='word_1_286' title='bbox 2846 2021 2932 2088; x_wconf 84' lang='lat' dir='ltr'><strong>V.</strong></span> <span class='ocrx_word' id='word_1_287' title='bbox 2976 2024 3048 2084; x_wconf 87' lang='lat' dir='ltr'><strong>C.</strong></span> <span class='ocrx_word' id='word_1_288' title='bbox 3094 2041 3242 2104; x_wconf 72' lang='lat'><strong>727.</strong></span> <span class='ocrx_word' id='word_1_289' title='bbox 3267 2037 3443 2085; x_wconf 80' lang='lat' dir='ltr'><strong>esset</strong></span> 
     </span>
     <span class='ocr_line' id='line_1_52' title="bbox 1898 2112 3444 2209; baseline 0.001 -25"><span class='ocrx_word' id='word_1_290' title='bbox 1898 2124 2236 2207; x_wconf 79' lang='lat' dir='ltr'><strong>provincia</strong></span> <span class='ocrx_word' id='word_1_291' title='bbox 2300 2137 2597 2199; x_wconf 66' lang='lat' dir='ltr'><strong>senatus,</strong></span> <span class='ocrx_word' id='word_1_292' title='bbox 2657 2112 2846 2209; x_wconf 62' lang='lat' dir='ltr'><strong>quam</strong></span> <span class='ocrx_word' id='word_1_293' title='bbox 2892 2118 2979 2187; x_wconf 77' lang='lat' dir='ltr'><strong>ob</strong></span> <span class='ocrx_word' id='word_1_294' title='bbox 3023 2146 3278 2189; x_wconf 84' lang='lat' dir='ltr'><strong>causam</strong></span> <span class='ocrx_word' id='word_1_295' title='bbox 3324 2125 3444 2188; x_wconf 86' lang='lat' dir='ltr'><strong>eti·</strong></span> 
     </span>
     <span class='ocr_line' id='line_1_53' title="bbox 1902 2224 3484 2310; baseline -0.001 -25"><span class='ocrx_word' id='word_1_296' title='bbox 1902 2244 2002 2285; x_wconf 86' lang='lat' dir='ltr'><strong>am</strong></span> <span class='ocrx_word' id='word_1_297' title='bbox 2061 2224 2343 2306; x_wconf 80' lang='lat' dir='ltr'><strong>legimus</strong></span> <span class='ocrx_word' id='word_1_298' title='bbox 2402 2224 2613 2285; x_wconf 78' lang='lat' dir='ltr'><strong>numia</strong></span> <span class='ocrx_word' id='word_1_299' title='bbox 2672 2226 3019 2307; x_wconf 81' lang='lat' dir='ltr'><strong>inscriptos</strong></span> <span class='ocrx_word' id='word_1_300' title='bbox 3087 2245 3484 2310; x_wconf 84' lang='lat' dir='ltr'><strong>proconsu·.</strong></span> 
     </span>
     <span class='ocr_line' id='line_1_54' title="bbox 1899 2324 3444 2417; baseline 0.005 -32"><span class='ocrx_word' id='word_1_301' title='bbox 1899 2325 2041 2400; x_wconf 87' lang='lat' dir='ltr'><strong>les,</strong></span> <span class='ocrx_word' id='word_1_302' title='bbox 2105 2324 2187 2385; x_wconf 90' lang='lat' dir='ltr'><strong>de</strong></span> <span class='ocrx_word' id='word_1_303' title='bbox 2247 2326 2484 2417; x_wconf 77' lang='lat' dir='ltr'><strong>quibus</strong></span> <span class='ocrx_word' id='word_1_304' title='bbox 2544 2347 2735 2401; x_wconf 82' lang='lat' dir='ltr'><strong>mox,</strong></span> <span class='ocrx_word' id='word_1_305' title='bbox 2795 2329 3105 2412; x_wconf 79' lang='lat' dir='ltr'><strong>Augustis</strong></span> <span class='ocrx_word' id='word_1_306' title='bbox 3165 2328 3444 2393; x_wconf 71' lang='lat' dir='ltr'><strong>subinde</strong></span> 
     </span>
     <span class='ocr_line' id='line_1_55' title="bbox 1896 2426 3437 2513; baseline 0.001 -24"><span class='ocrx_word' id='word_1_307' title='bbox 1896 2426 2023 2489; x_wconf 84' lang='lat' dir='ltr'><strong>fuit</strong></span> <span class='ocrx_word' id='word_1_308' title='bbox 2071 2427 2418 2502; x_wconf 83' lang='lat' dir='ltr'><strong>attributa,</strong></span> <span class='ocrx_word' id='word_1_309' title='bbox 2462 2446 2537 2488; x_wconf 87' lang='lat' dir='ltr'><strong>ac</strong></span> <span class='ocrx_word' id='word_1_310' title='bbox 2593 2441 2730 2488; x_wconf 89' lang='lat' dir='ltr'><strong>tum</strong></span> <span class='ocrx_word' id='word_1_311' title='bbox 2772 2427 2918 2491; x_wconf 70' lang='lat' dir='ltr'><strong>vice</strong></span> <span class='ocrx_word' id='word_1_312' title='bbox 2970 2430 3437 2513; x_wconf 85' lang='lat' dir='ltr'><strong>proconsulum</strong></span> 
     </span>
     <span class='ocr_line' id='line_1_56' title="bbox 1898 2528 3442 2614; baseline 0.002 -24"><span class='ocrx_word' id='word_1_313' title='bbox 1898 2530 2079 2592; x_wconf 89' lang='lat' dir='ltr'><strong>missi</strong></span> <span class='ocrx_word' id='word_1_314' title='bbox 2133 2528 2197 2589; x_wconf 86' lang='lat' dir='ltr'><strong>in</strong></span> <span class='ocrx_word' id='word_1_315' title='bbox 2244 2528 2413 2591; x_wconf 86' lang='lat' dir='ltr'><strong>hanc</strong></span> <span class='ocrx_word' id='word_1_316' title='bbox 2456 2529 2866 2611; x_wconf 80' lang='lat' dir='ltr'><strong>provinciam</strong></span> <span class='ocrx_word' id='word_1_317' title='bbox 2905 2529 3107 2611; x_wconf 79' lang='lat' dir='ltr'><strong>legati</strong></span> <span class='ocrx_word' id='word_1_318' title='bbox 3156 2532 3442 2614; x_wconf 78' lang='lat' dir='ltr'><strong>Augusti</strong></span> 
     </span>
     <span class='ocr_line' id='line_1_57' title="bbox 1896 2628 3443 2719; baseline 0.003 -29"><span class='ocrx_word' id='word_1_319' title='bbox 1896 2651 2019 2716; x_wconf 87' lang='lat' dir='ltr'><strong>pro</strong></span> <span class='ocrx_word' id='word_1_320' title='bbox 2076 2644 2382 2719; x_wconf 79' lang='lat' dir='ltr'><strong>praetore</strong></span> <span class='ocrx_word' id='word_1_321' title='bbox 2442 2628 2876 2691; x_wconf 81' lang='lat' dir='ltr'><strong>marmoribus</strong></span> <span class='ocrx_word' id='word_1_322' title='bbox 2933 2631 3168 2711; x_wconf 84' lang='lat' dir='ltr'><strong>passim</strong></span> <span class='ocrx_word' id='word_1_323' title='bbox 3215 2632 3282 2692; x_wconf 87' lang='lat' dir='ltr'><strong>id</strong></span> <span class='ocrx_word' id='word_1_324' title='bbox 3329 2633 3443 2694; x_wconf 85' lang='lat' dir='ltr'><strong>do-</strong></span> 
     </span>
     <span class='ocr_line' id='line_1_58' title="bbox 1898 2728 3438 2816; baseline -0.001 -21"><span class='ocrx_word' id='word_1_325' title='bbox 1898 2732 2216 2795; x_wconf 81' lang='lat' dir='ltr'><strong>centibus.</strong></span> <span class='ocrx_word' id='word_1_326' title='bbox 2302 2728 2572 2792; x_wconf 83' lang='lat' dir='ltr'><strong>Factum</strong></span> <span class='ocrx_word' id='word_1_327' title='bbox 2609 2728 2780 2790; x_wconf 88' lang='lat' dir='ltr'><strong>istud</strong></span> <span class='ocrx_word' id='word_1_328' title='bbox 2817 2728 2938 2791; x_wconf 89' lang='lat' dir='ltr'><strong>sub</strong></span> <span class='ocrx_word' id='word_1_329' title='bbox 2976 2730 3299 2816; x_wconf 82' lang='lat' dir='ltr'><strong>Trajano</strong></span> <span class='ocrx_word' id='word_1_330' title='bbox 3331 2730 3438 2796; x_wconf 75' lang='lat' dir='ltr'><strong>vel</strong></span> 
     </span>
     <span class='ocr_line' id='line_1_59' title="bbox 1896 2830 3438 2918; baseline 0.001 -24"><span class='ocrx_word' id='word_1_331' title='bbox 1896 2833 2106 2895; x_wconf 86' lang='lat' dir='ltr'><strong>adhue</strong></span> <span class='ocrx_word' id='word_1_332' title='bbox 2160 2842 2382 2907; x_wconf 85' lang='lat' dir='ltr'><strong>antea,</strong></span> <span class='ocrx_word' id='word_1_333' title='bbox 2441 2842 2622 2912; x_wconf 88' lang='lat' dir='ltr'><strong>putat</strong></span> <span class='ocrx_word' id='word_1_334' title='bbox 2663 2830 2960 2892; x_wconf 64' lang='lat' dir='ltr'><strong>Not-isius</strong></span> <span class='ocrx_word' id='word_1_335' title='bbox 3003 2834 3099 2911; x_wconf 80' lang='lat'><strong>¹¹),</strong></span> <span class='ocrx_word' id='word_1_336' title='bbox 3161 2835 3311 2918; x_wconf 79' lang='lat' dir='ltr'><strong>quia</strong></span> <span class='ocrx_word' id='word_1_337' title='bbox 3372 2833 3438 2895; x_wconf 90' lang='lat' dir='ltr'><strong>in</strong></span> 
     </span>
     <span class='ocr_line' id='line_1_60' title="bbox 1896 2922 3441 3021; baseline 0.001 -26"><span class='ocrx_word' id='word_1_338' title='bbox 1896 2953 2225 2999; x_wconf 81' lang='lat' dir='ltr'><strong>marmore</strong></span> <span class='ocrx_word' id='word_1_339' title='bbox 2281 2922 2555 2994; x_wconf 88' lang='lat' dir='ltr'><strong>Gruteri</strong></span> <span class='ocrx_word' id='word_1_340' title='bbox 2603 2935 2664 3012; x_wconf 89' lang='lat'><strong>0)</strong></span> <span class='ocrx_word' id='word_1_341' title='bbox 2735 2933 2810 2999; x_wconf 85' lang='lat' dir='ltr'><strong>C.</strong></span> <span class='ocrx_word' id='word_1_342' title='bbox 2873 2933 3127 2998; x_wconf 83' lang='lat' dir='ltr'><strong>Plinius</strong></span> <span class='ocrx_word' id='word_1_343' title='bbox 3183 2931 3441 3021; x_wconf 81' lang='lat' dir='ltr'><strong>legatus</strong></span> 
     </span>
     <span class='ocr_line' id='line_1_61' title="bbox 1897 3031 3441 3120; baseline -0.001 -21"><span class='ocrx_word' id='word_1_344' title='bbox 1897 3059 2019 3119; x_wconf 83' lang='lat' dir='ltr'><strong>pro</strong></span> <span class='ocrx_word' id='word_1_345' title='bbox 2080 3049 2384 3120; x_wconf 86' lang='lat' dir='ltr'><strong>praetore</strong></span> <span class='ocrx_word' id='word_1_346' title='bbox 2432 3032 2774 3095; x_wconf 87' lang='lat' dir='ltr'><strong>consulari</strong></span> <span class='ocrx_word' id='word_1_347' title='bbox 2836 3049 3156 3116; x_wconf 83' lang='lat' dir='ltr'><strong>potestate</strong></span> <span class='ocrx_word' id='word_1_348' title='bbox 3217 3031 3347 3098; x_wconf 77' lang='lat' dir='ltr'><strong>huc</strong></span> <span class='ocrx_word' id='word_1_349' title='bbox 3404 3059 3441 3098; x_wconf 76' lang='grc' dir='ltr'><strong>ι</strong></span> 
     </span>
     <span class='ocr_line' id='line_1_62' title="bbox 1899 3131 3443 3221; baseline 0 -22"><span class='ocrx_word' id='word_1_350' title='bbox 1899 3136 2181 3221; x_wconf 76' lang='lat' dir='ltr'><strong>Traiano</strong></span> <span class='ocrx_word' id='word_1_351' title='bbox 2253 3138 2488 3196; x_wconf 84' lang='lat' dir='ltr'><strong>missus</strong></span> <span class='ocrx_word' id='word_1_352' title='bbox 2561 3134 2841 3200; x_wconf 71' lang='lat' dir='ltr'><strong>dicitur.</strong></span> <span class='ocrx_word' id='word_1_353' title='bbox 2932 3131 3183 3203; x_wconf 79' lang='lat' dir='ltr'><strong>Verum</strong></span> <span class='ocrx_word' id='word_1_354' title='bbox 3244 3150 3443 3217; x_wconf 78' lang='lat' dir='ltr'><strong>negat</strong></span> 
     </span>
     <span class='ocr_line' id='line_1_63' title="bbox 1896 3236 3440 3323; baseline -0.001 -23"><span class='ocrx_word' id='word_1_355' title='bbox 1896 3239 2069 3302; x_wconf 87' lang='lat' dir='ltr'><strong>istud</strong></span> <span class='ocrx_word' id='word_1_356' title='bbox 2125 3236 2558 3323; x_wconf 81' lang='lat' dir='ltr'><strong>spanhemius</strong></span> <span class='ocrx_word' id='word_1_357' title='bbox 2589 3243 2690 3316; x_wconf 85' lang='lat' dir='ltr'><strong>P),</strong></span> <span class='ocrx_word' id='word_1_358' title='bbox 2753 3239 2901 3299; x_wconf 83' lang='lat' dir='ltr'><strong>cum</strong></span> <span class='ocrx_word' id='word_1_359' title='bbox 2965 3252 3240 3323; x_wconf 83' lang='lat' dir='ltr'><strong>propter</strong></span> <span class='ocrx_word' id='word_1_360' title='bbox 3282 3239 3440 3300; x_wconf 80' lang='lat' dir='ltr'><strong>alias</strong></span> 
     </span>
     <span class='ocr_line' id='line_1_64' title="bbox 1898 3329 3435 3422; baseline -0.003 -19"><span class='ocrx_word' id='word_1_361' title='bbox 1898 3361 2167 3416; x_wconf 85' lang='lat' dir='ltr'><strong>causas,</strong></span> <span class='ocrx_word' id='word_1_362' title='bbox 2228 3354 2368 3402; x_wconf 89' lang='lat' dir='ltr'><strong>tum</strong></span> <span class='ocrx_word' id='word_1_363' title='bbox 2429 3329 2626 3401; x_wconf 83' lang='lat' dir='ltr'><strong>etiam</strong></span> <span class='ocrx_word' id='word_1_364' title='bbox 2687 3339 2836 3422; x_wconf 83' lang='lat' dir='ltr'><strong>quia</strong></span> <span class='ocrx_word' id='word_1_365' title='bbox 2894 3351 3065 3401; x_wconf 86' lang='lat' dir='ltr'><strong>teste</strong></span> <span class='ocrx_word' id='word_1_366' title='bbox 3122 3342 3340 3402; x_wconf 83' lang='lat' dir='ltr'><strong>Dione</strong></span> <span class='ocrx_word' id='word_1_367' title='bbox 3371 3339 3435 3416; x_wconf 72' lang='lat' dir='ltr'><strong>tt)</strong></span> 
     </span>
     <span class='ocr_line' id='line_1_65' title="bbox 1894 3435 3437 3523; baseline 0.001 -20"><span class='ocrx_word' id='word_1_368' title='bbox 1894 3439 2198 3523; x_wconf 86' lang='lat' dir='ltr'><strong>Bithynia</strong></span> <span class='ocrx_word' id='word_1_369' title='bbox 2274 3440 2355 3502; x_wconf 83' lang='lat' dir='ltr'><strong>ab</strong></span> <span class='ocrx_word' id='word_1_370' title='bbox 2415 3435 2746 3502; x_wconf 82' lang='lat' dir='ltr'><strong>Hadriano</strong></span> <span class='ocrx_word' id='word_1_371' title='bbox 2822 3439 3081 3502; x_wconf 88' lang='lat' dir='ltr'><strong>demum</strong></span> <span class='ocrx_word' id='word_1_372' title='bbox 3142 3439 3437 3504; x_wconf 79' lang='lat' dir='ltr'><strong>Caesaris</strong></span> 
     </span>
     <span class='ocr_line' id='line_1_66' title="bbox 1895 3537 3435 3623; baseline -0.001 -20"><span class='ocrx_word' id='word_1_373' title='bbox 1895 3540 2233 3623; x_wconf 82' lang='lat' dir='ltr'><strong>provincia</strong></span> <span class='ocrx_word' id='word_1_374' title='bbox 2292 3537 2460 3602; x_wconf 80' lang='lat' dir='ltr'><strong>facta</strong></span> <span class='ocrx_word' id='word_1_375' title='bbox 2526 3552 2644 3602; x_wconf 82' lang='lat' dir='ltr'><strong>est.</strong></span> <span class='ocrx_word' id='word_1_376' title='bbox 2701 3545 2706 3553; x_wconf 85' lang='grc'><strong>’</strong></span> <span class='ocrx_word' id='word_1_377' title='bbox 2761 3541 2861 3603; x_wconf 87' lang='lat' dir='ltr'><strong>Ad</strong></span> <span class='ocrx_word' id='word_1_378' title='bbox 2928 3551 3216 3602; x_wconf 84' lang='lat' dir='ltr'><strong>marmor</strong></span> <span class='ocrx_word' id='word_1_379' title='bbox 3271 3559 3435 3602; x_wconf 73' lang='lat' dir='ltr'><strong>vero</strong></span> 
     </span>
     <span class='ocr_line' id='line_1_67' title="bbox 1896 3635 3433 3725; baseline -0.003 -20"><span class='ocrx_word' id='word_1_380' title='bbox 1896 3642 2171 3705; x_wconf 87' lang='lat' dir='ltr'><strong>Gruteri</strong></span> <span class='ocrx_word' id='word_1_381' title='bbox 2231 3642 2408 3725; x_wconf 86' lang='lat' dir='ltr'><strong>quod</strong></span> <span class='ocrx_word' id='word_1_382' title='bbox 2467 3641 2729 3716; x_wconf 84' lang='lat' dir='ltr'><strong>attinet,</strong></span> <span class='ocrx_word' id='word_1_383' title='bbox 2790 3644 2910 3718; x_wconf 87' lang='lat' dir='ltr'><strong>ait,</strong></span> <span class='ocrx_word' id='word_1_384' title='bbox 2973 3635 3258 3704; x_wconf 82' lang='lat' dir='ltr'><strong>Plinium</strong></span> <span class='ocrx_word' id='word_1_385' title='bbox 3301 3660 3433 3702; x_wconf 86' lang='lat' dir='ltr'><strong>non</strong></span> 
     </span>
     <span class='ocr_line' id='line_1_68' title="bbox 1894 3741 3434 3824; baseline -0.001 -20"><span class='ocrx_word' id='word_1_386' title='bbox 1894 3742 2257 3817; x_wconf 86' lang='lat' dir='ltr'><strong>ordinaria,</strong></span> <span class='ocrx_word' id='word_1_387' title='bbox 2330 3742 2449 3805; x_wconf 80' lang='lat' dir='ltr'><strong>sed</strong></span> <span class='ocrx_word' id='word_1_388' title='bbox 2527 3741 3040 3805; x_wconf 79' lang='lat' dir='ltr'><strong>extraordinaria</strong></span> <span class='ocrx_word' id='word_1_389' title='bbox 3111 3747 3434 3824; x_wconf 68' lang='lat' dir='ltr'><strong>potestate</strong></span> 
     </span>
     <span class='ocr_line' id='line_1_69' title="bbox 1895 3833 3432 3958; baseline -0.001 -53"><span class='ocrx_word' id='word_1_390' title='bbox 1895 3845 1961 3906; x_wconf 86' lang='lat' dir='ltr'><strong>in</strong></span> <span class='ocrx_word' id='word_1_391' title='bbox 2016 3833 2387 3925; x_wconf 75' lang='lat' dir='ltr'><strong>Bithyniam</strong></span> <span class='ocrx_word' id='word_1_392' title='bbox 2451 3842 2534 3905; x_wconf 80' lang='lat' dir='ltr'><strong>ad</strong></span> <span class='ocrx_word' id='word_1_393' title='bbox 2575 3835 3050 3958; x_wconf 84' lang='lat' dir='ltr'><strong>i&#39;nspiciendum</strong></span> <span class='ocrx_word' id='word_1_394' title='bbox 3100 3837 3432 3903; x_wconf 86' lang='lat' dir='ltr'><strong>civitatum</strong></span> 
     </span>
     <span class='ocr_line' id='line_1_70' title="bbox 1894 3941 3433 4023; baseline 0.001 -19"><span class='ocrx_word' id='word_1_395' title='bbox 1894 3957 2129 4007; x_wconf 86' lang='lat' dir='ltr'><strong>statum</strong></span> <span class='ocrx_word' id='word_1_396' title='bbox 2181 3945 2474 4009; x_wconf 87' lang='lat' dir='ltr'><strong>missum.</strong></span> <span class='ocrx_word' id='word_1_397' title='bbox 2556 3944 2662 4006; x_wconf 87' lang='lat' dir='ltr'><strong>De</strong></span> <span class='ocrx_word' id='word_1_398' title='bbox 2708 3941 2885 4012; x_wconf 79' lang='lat' dir='ltr'><strong>varia</strong></span> <span class='ocrx_word' id='word_1_399' title='bbox 2930 3943 3051 4006; x_wconf 85' lang='lat' dir='ltr'><strong>hac</strong></span> <span class='ocrx_word' id='word_1_400' title='bbox 3085 3941 3433 4023; x_wconf 82' lang='lat' dir='ltr'><strong>Bithyniae</strong></span> 
     </span>
     <span class='ocr_line' id='line_1_71' title="bbox 1894 4037 3437 4134; baseline -0.001 -28"><span class='ocrx_word' id='word_1_401' title='bbox 1894 4057 1959 4106; x_wconf 91' lang='lat' dir='ltr'><strong>et</strong></span> <span class='ocrx_word' id='word_1_402' title='bbox 1991 4045 2185 4106; x_wconf 86' lang='lat' dir='ltr'><strong>Ponti</strong></span> <span class='ocrx_word' id='word_1_403' title='bbox 2216 4037 2592 4109; x_wconf 86' lang='lat' dir='ltr'><strong>conditione</strong></span> <span class='ocrx_word' id='word_1_404' title='bbox 2623 4048 2776 4134; x_wconf 72' lang='lat' dir='ltr'><strong>lege</strong></span> <span class='ocrx_word' id='word_1_405' title='bbox 2809 4046 3078 4127; x_wconf 87' lang='lat' dir='ltr'><strong>copiose</strong></span> <span class='ocrx_word' id='word_1_406' title='bbox 3110 4043 3437 4107; x_wconf 79' lang='lat' dir='ltr'><strong>disseren-</strong></span> 
     </span>
     <span class='ocr_line' id='line_1_72' title="bbox 1894 4129 2522 4226; baseline -0.005 -18"><span class='ocrx_word' id='word_1_407' title='bbox 1894 4141 2025 4208; x_wconf 78' lang='lat' dir='ltr'><strong>tem</strong></span> <span class='ocrx_word' id='word_1_408' title='bbox 2059 4147 2291 4226; x_wconf 77' lang='lat' dir='ltr'><strong>Belley</strong></span> <span class='ocrx_word' id='word_1_409' title='bbox 2296 4129 2405 4206; x_wconf 66' lang='lat' dir='ltr'><strong>un&#39;t</strong></span> <span class='ocrx_word' id='word_1_410' title='bbox 2448 4148 2522 4225; x_wconf 83' lang='grc' dir='ltr'><strong>ι·).</strong></span> 
     </span>
    </p>
   </div>
   <div class='ocr_carea' id='block_1_9' title="bbox 1896 4241 3435 4432">
    <p class='ocr_par' dir='ltr' id='par_1_10' title="bbox 1896 4241 3435 4432">
     <span class='ocr_line' id='line_1_73' title="bbox 1977 4241 3434 4329; baseline -0.001 -21"><span class='ocrx_word' id='word_1_411' title='bbox 1977 4243 2618 4315; x_wconf 75' lang='lat' dir='ltr'><strong>PROCONSVLES</strong></span> <span class='ocrx_word' id='word_1_412' title='bbox 2663 4241 3010 4327; x_wconf 71' lang='lat' dir='ltr'><strong>Bithyniae</strong></span> <span class='ocrx_word' id='word_1_413' title='bbox 3058 4243 3274 4329; x_wconf 80' lang='lat' dir='ltr'><strong>primo</strong></span> <span class='ocrx_word' id='word_1_414' title='bbox 3304 4243 3434 4307; x_wconf 75' lang='lat' dir='ltr'><strong>Ro-</strong></span> 
     </span>
     <span class='ocr_line' id='line_1_74' title="bbox 1896 4333 3435 4432; baseline -0.005 -23"><span class='ocrx_word' id='word_1_415' title='bbox 1896 4367 2038 4412; x_wconf 86' lang='lat' dir='ltr'><strong>mae</strong></span> <span class='ocrx_word' id='word_1_416' title='bbox 2067 4347 2448 4431; x_wconf 80' lang='lat' dir='ltr'><strong>imperantis</strong></span> <span class='ocrx_word' id='word_1_417' title='bbox 2477 4333 2741 4411; x_wconf 77' lang='lat' dir='ltr'><strong>saeculo</strong></span> <span class='ocrx_word' id='word_1_418' title='bbox 2770 4341 3435 4432; x_wconf 82' lang='lat' dir='ltr'><strong>saepissimeinscrip-</strong></span> 
     </span>
    </p>
   </div>
   <div class='ocr_carea' id='block_1_10' title="bbox 507 4539 3424 4659">
    <p class='ocr_par' dir='ltr' id='par_1_11' title="bbox 507 4539 3424 4659">
     <span class='ocr_line' id='line_1_75' title="bbox 507 4539 3424 4659; baseline -0 -21"><span class='ocrx_word' id='word_1_419' title='bbox 507 4579 570 4655; x_wconf 68' lang='grc' dir='ltr'><strong>ι)</strong></span> <span class='ocrx_word' id='word_1_420' title='bbox 621 4539 829 4642; x_wconf 73' lang='lat' dir='ltr'><strong>Cenol.</strong></span> <span class='ocrx_word' id='word_1_421' title='bbox 873 4580 990 4637; x_wconf 84' lang='lat' dir='ltr'><strong>Pis.</strong></span> <span class='ocrx_word' id='word_1_422' title='bbox 1039 4579 1177 4639; x_wconf 83' lang='lat' dir='ltr'><strong>diss.</strong></span> <span class='ocrx_word' id='word_1_423' title='bbox 1215 4581 1292 4639; x_wconf 89' lang='lat'><strong>11.</strong></span> <span class='ocrx_word' id='word_1_424' title='bbox 1338 4600 1395 4642; x_wconf 84' lang='lat' dir='ltr'><strong>e.</strong></span> <span class='ocrx_word' id='word_1_425' title='bbox 1437 4591 1524 4645; x_wconf 85' lang='lat'><strong>11.</strong></span> <span class='ocrx_word' id='word_1_426' title='bbox 1627 4583 1690 4655; x_wconf 76' lang='grc' dir='ltr'><strong>ο)</strong></span> <span class='ocrx_word' id='word_1_427' title='bbox 1739 4582 1883 4659; x_wconf 67' lang='lat' dir='ltr'><strong>Psg</strong></span> <span class='ocrx_word' id='word_1_428' title='bbox 1912 4589 2035 4644; x_wconf 79' lang='lat'><strong>291·</strong></span> <span class='ocrx_word' id='word_1_429' title='bbox 2138 4579 2505 4653; x_wconf 74' lang='lat' dir='ltr'><strong>P)&#39;l&#39;om.11</strong></span> <span class='ocrx_word' id='word_1_430' title='bbox 2532 4598 2594 4658; x_wconf 94' lang='grc' dir='ltr'><strong>Ρ.</strong></span> <span class='ocrx_word' id='word_1_431' title='bbox 2627 4590 2919 4656; x_wconf 62' lang='lat' dir='ltr'><strong>mseq</strong></span> <span class='ocrx_word' id='word_1_432' title='bbox 3011 4553 3424 4653; x_wconf 41' lang='lat' dir='ltr'><strong>qast-Lm</strong></span> 
     </span>
    </p>
   </div>
   <div class='ocr_carea' id='block_1_11' title="bbox 272 4669 1393 4748">
    <p class='ocr_par' dir='ltr' id='par_1_12' title="bbox 272 4669 1393 4748">
     <span class='ocr_line' id='line_1_76' title="bbox 272 4669 1393 4748; baseline 0.007 -22"><span class='ocrx_word' id='word_1_433' title='bbox 272 4673 451 4742; x_wconf 64' lang='lat'><strong>§.1⁴-</strong></span> <span class='ocrx_word' id='word_1_434' title='bbox 562 4671 826 4744; x_wconf 73' lang='lat' dir='ltr'><strong>²)B·1=·</strong></span> <span class='ocrx_word' id='word_1_435' title='bbox 860 4669 1393 4748; x_wconf 39' lang='lat' dir='ltr'><strong>Tmmpzzt</strong></span> 
     </span>
    </p>
   </div>
  </div>
 </body>
</html>
