4575 5850
1513 684 2261 761 THRA·CIA.
3401 713 3495 784 45

336 854 687 941 quibus“ea
733 852 1016 939 dignitas
1044 853 1532 934 dissimulatur,
1574 877 1763 941 quam
1806 858 1874 920 in
1948 858 2054 923 cui
2087 903 2104 935 ,
2160 854 2362 920 urbes
2396 897 2412 929 ‚
2474 876 2622 921 cum
2667 857 2949 941 primum
3009 860 3330 927 coloniam
3388 884 3493 930 re·

335 956 569 1042 quibus
596 954 877 1022 additur
921 959 1021 1019 An
1052 958 1227 1043 quod
1270 959 1500 1021 eadem
1546 972 1875 1044 metropo-
1948 977 2222 1042 cepere,
2266 957 2572 1023 coloniae
2601 957 2843 1022 indicia
2885 980 3004 1024 seu
3032 961 3480 1048 inscriptione,

331 1057 443 1134 lis,
506 1073 577 1122 et
617 1058 876 1122 colonia
916 1080 1064 1123 esse
1120 1080 1253 1122 nen
1298 1061 1569 1146 potuit?
1622 1058 1876 1137 con'tra-
1947 1079 2064 1121 seu
2126 1074 2279 1144 typo
2334 1078 2663 1144 nunquam
2710 1060 3151 1145 neglexerint.
3225 1067 3312 1130 At
3371 1086 3484 1130 ne·

330 1160 497 1223 rium
541 1158 821 1243 probant
869 1159 1357 1237 Thessalonica,
1394 1160 1616 1239 Sidon,
1662 1164 1875 1246 Tyrus
1948 1179 2267 1243 quaquam
2329 1161 2646 1222 molestus
2706 1173 2807 1224 est
2861 1161 2971 1251 hic
3014 1165 3272 1244 nodus,
3331 1189 3481 1230 nam

332 1275 457 1326 etc.
525 1260 932 1346 Negaverit,
1011 1260 1503 1348 Philippopolin
1550 1265 1870 1339 Thraciae
1941 1257 2092 1323 fieri
2134 1273 2427 1378 poterat,
2473 1273 2546 1323 ut
2590 1259 2868 1326 subinde
2905 1265 3070 1330 haec
3100 1268 3258 1330 urbs
3303 1270 3480 1332 colo·

331 1362 533 1425 fuisse
568 1361 943 1427 coloniam?
988 1376 1051 1425 at
1084 1365 1226 1445 quis
1255 1383 1404 1427 eum
1436 1365 1738 1445 edocuit,
1781 1370 1870 1432 al·
1934 1362 2084 1425 niae
2142 1362 2286 1445 jura
2350 1362 2584 1425 iterum
2636 1363 2966 1427 amitteret
2996 1408 3015 1442 ,
3075 1368 3255 1453 quod
3303 1369 3480 1432 idem

333 1479 537 1528 teram
584 1464 864 1527 Arabiae
909 1463 1114 1526 fuisse
1162 1466 1537 1530 coloniam?
1577 1471 1869 1538 Victoris
1940 1462 2258 1526 accidisse
2339 1460 2616 1543 Neapoli
2678 1464 3003 1527 Samariae
3088 1468 3171 1532 ah
3241 1467 3478 1533 eodem

336 1564 590 1630 Schotti
645 1564 841 1629 verba
890 1578 1072 1629 sunt·
1115 1571 1372 1632 condito
1418 1576 1597 1650 apud
1633 1577 1869 1635 Ambi-
1936 1562 2246 1648 Philippo
2336 1562 2659 1626 deductae
2744 1564 3107 1629 verisimile
3196 1566 3475 1646 dicetur,

328 1689 428 1730 am
457 1670 895 1747 Philippopote·
923 1670 1186 1747 oppida,
1226 1668 1557 1752 loquentis
1606 1662 1689 1735 de
1719 1671 1891 1733 Phi·
1938 1667 2049 1729 vel
2112 1666 2347 1728 citatus
2390 1664 2727 1731 Vaillantii
2770 1685 3004 1729 numus
3051 1668 3323 1732 alterius
3380 1686 3484 1734 est

330 1768 555 1852 lippo·
534 1811 557 1847 ,
656 1779 725 1828 et
796 1771 1137 1831 zonarae·
1209 1780 1386 1833 ortus
1462 1772 1868 1859 (Philippus)
1940 1765 2165 1841 urbis,
2236 1764 2420 1828 facili
2479 1763 2665 1847 lapsu
2722 1763 2790 1825 in
2849 1767 3137 1831 lectione
3196 1773 3480 1835 nominis

330 1873 626 1944 Rostris,
685 1871 801 1930 ubi
841 1872 1060 1932 urbem
1110 1872 1377 1950 imperio
1412 1877 1660 1951 potitus
1692 1880 1871 1938 aeds·-

324 1974 577 2052 fleuvit,
643 1990 911 2052 eamque
964 1973 1442 2071 Philippopolm
1488 1978 1866 2039 nominavit.

324 2073 393 2132 In
435 2070 673 2133 eadem
720 2070 917 2135 verba
968 2068 1333 2154 cedrenus.
1394 2072 1603 2134 Etiam
1662 2077 1868 2140 Euse-

325 2170 465 2234 hius
496 2216 519 2247 ‚
592 2170 869 2256 ejusque
931 2173 1262 2256 interpres
1304 2172 1397 2236 de
1434 2173 1771 2240 aedificata
1829 2200 1866 2241 a

325 2272 633 2358 Philippo
674 2271 957 2336 nominis
1003 2275 1105 2337 aui
1165 2274 1329 2339 urhe
1383 2262 1741 2363 loquuntur
1779 2283 1866 2357 ¹¹).

330 2376 525 2438 Nulla
594 2374 663 2435 in
743 2372 848 2437 his
904 2374 1206 2440 coloniae
1263 2380 1536 2443 mentio.
1613 2383 1864 2443 Tamen

333 2494 470 2538 eam
530 2475 920 2544 Vaillantius
960 2488 1335 2540 constanter
1385 2480 1711 2545 coloniam
1756 2481 1867 2544 ad-

325 2575 517 2654 serit,
578 2596 773 2663 quam
820 2599 905 2642 ex
944 2579 1157 2643 numia
1203 2578 1509 2664 probare
1533 2601 1665 2643 non
1723 2596 1866 2665 pot·

329 2690 457 2754 est,
540 2677 670 2739 nisi
734 2688 951 2743 antea
992 2680 1425 2783 probaverit,
1496 2680 1618 2745 sed
1686 2680 1867 2764 quod

322 2776 538 2861 ipsum
585 2760 960 2864 quaeritur,
1029 2804 1266 2847 numos
1310 2783 1434 2859 hos
1478 2784 1562 2848 ad
1614 2783 1863 2869 Philip·

320 2880 592 2965 popolin
676 2881 956 2948 Arabiae
1020 2884 1379 2969 pertinere.
1466 2886 1615 2950 Etsi
1700 2904 1863 2951 vero

314 2982 507 3050 nullo
556 2980 805 3046 diserto
850 2999 1242 3066 argumento
1288 3002 1544 3052 constet
1575 3033 1594 3064 ,
1657 2988 1863 3054 Thra·

327 3083 460 3147 ciae
502 3084 1007 3169 Philippopolin
1051 3085 1256 3149 fuisse
1301 3091 1661 3165 coloniam,
1710 3111 1863 3155 con·

324 3197 445 3246 stat
510 3198 768 3261 tamen,
825 3207 962 3250 non
1043 3207 1282 3271 paucas
1352 3190 1417 3254 in
1478 3191 1605 3255 hoc
1648 3203 1862 3257 tractu

320 3283 515 3348 nrbes
544 3330 564 3360 ‚
624 3288 805 3368 quod
856 3288 944 3352 oh
999 3288 1427 3355 barbarorum
1494 3289 1626 3356 hoc
1698 3313 1861 3359 aevo

320 3385 732 3451 incursiones
775 3389 1014 3455 incolis
1056 3407 1275 3457 essent
1316 3394 1708 3473 exhaustae,
1754 3412 1865 3461 co·

325 3486 494 3552 lonis
556 3489 763 3552 fuisse
822 3489 1307 3579 frequentatas,
1383 3496 1561 3582 quod
1631 3510 1858 3582 aperte

325 3587 567 3653 docent
606 3591 787 3654 numi
833 3593 1183 3661 Viminacii
1239 3608 1309 3660 et
1353 3598 1644 3664 Daciae·
1624 3645 1647 3681 ,
1707 3612 1860 3686 post

1935 1867 2003 1928 in
2045 1857 2506 1928 ΠΟΛῙΤΩΝ
2552 1864 2946 1944 desinentia,
3012 1871 3188 1955 quod
3232 1885 3332 1935 tot
3363 1894 3482 1936 ur·

1936 1966 2126 2031 bibus
2198 1967 2323 2031 fuit
2395 1965 2765 2050 preprium.
2842 1970 3056 2034 Certe
3105 1973 3172 2033 in
3233 1976 3476 2037 muscis

1935 2070 2298 2135 Austriacis
2327 2111 2344 2141 ,
2432 2086 2598 2152 quae
2682 2066 3165 2155 Philippopolis
3263 2078 3479 2139 numis

1936 2185 2213 2255 propter
2269 2165 2574 2233 viciniam
2632 2182 2781 2230 sunt
2835 2170 3291 2251 instructiora,
3338 2178 3481 2260 ejus

1936 2269 2120 2334 n'umi
2146 2269 2465 2356 postremi
2506 2268 2574 2332 in
2611 2270 2958 2356 imperium
2992 2271 3333 2357 Elagabali
3378 2299 3481 2342 ca·

1939 2371 2124 2438 dunt.
2167 2376 2350 2437 Haec
2397 2370 2453 2433 si
2492 2388 2651 2436 vera
2701 2387 2886 2449 sunt,
2937 2392 3166 2437 omnes
3212 2375 3281 2438 hi
3325 2378 3482 2441 Phi·

1906 2473 2100 2559 lippi
2169 2482 2235 2538 et
2294 2470 2558 2548 Marini>
2595 2474 2774 2534 numi
2837 2475 3138 2539 coloniae
3210 2479 3479 2544 nomine

1936 2575 2227 2660 insignes
2282 2574 2376 2636 ad'
2424 2570 2697 2637 eandem
2764 2573 3086 2639 Thraciae
3143 2579 3482 2663 Philippo·

1937 2678 2120 2761 polin
2166 2674 2625 2762 pertinebunt,
2685 2676 3052 2762 acciditque
3112 2677 3214 2740 his
3262 2681 3478 2745 numis

1935 2777 2117 2842 idem
2162 2775 2341 2862 quod
2384 2774 2600 2838 numia
2630 2775 3084 2861 Amphipolis,
3128 2779 3243 2864 qui
3301 2780 3481 2847 Van.

1934 2880 2136 2945 lantio
2187 2877 2409 2964 judice
2443 2860 2648 2960 'ju-to
2702 2888 3001 2962 tempore
3048 2879 3479 2966 Amphipolin

1932 2984 2361 3064 Palmyrenes
2414 2979 2646 3042 exules
2691 2978 2950 3041 tandem
3001 2978 3292 3044 discussa
3344 3001 3480 3060 me·

1933 3082 2061 3146 lius
2106 3102 2299 3147 causa
2325 3077 2726 3166 Amphipoli
2759 3080 3185 3148 Macedoniae
3215 3087 3480 3149 restitu-

1932 3177 1984 3245 ti
2028 3195 2200 3247 aunt.

2017 3285 2333 3348 Ceterum
2414 3259 2822 3368 compertum
2920 3303 3056 3346 non
3140 3283 3477 3360 habemus,

1931 3404 2097 3471 quae
2150 3404 2345 3449 causa
2384 3384 2591 3449 fuerit
2629 3383 3166 3488 Philippopolitis
3235 3386 3477 3451 cuden-

1931 3488 2053 3552 dae
2114 3486 2370 3551 Marini
2428 3486 2696 3550 nomine
2772 3500 3123 3562 monetae,
3196 3487 3470 3572 ejusque

1931 3589 2126 3652 etiam
2185 3587 2637 3656 consecrandi.
2697 3587 2771 3652 Si
2824 3588 2934 3652 cui
2984 3586 3192 3651 exiles
3252 3590 3475 3672 conje-

318 3712 523 3758 annos
587 3712 723 3755 non
778 3695 1021 3761 multos
1079 3719 1116 3760 a
1171 3697 1560 3776 Valeriano,
1617 3715 1693 3764 ut
1749 3718 1861 3765 ve·
1928 3705 2155 3756 cturae
2180 3690 2480 3775 placent,
2510 3675 2702 3754 adeat'
2728 3689 3121 3775 seguinum,
3165 3704 3234 3756 et
3268 3691 3472 3778 Span-

318 3794 593 3860 risimile
665 3807 816 3873 est,
892 3796 1360 3863 Thessalonica
1427 3801 1857 3866 Macedoniae
1927 3791 2217 3857 hominm
2251 3798 2340 3869 0)·

308 3894 577 3958 colonia
646 3908 749 3957 est
814 3895 1136 3978 deducta,
1207 3921 1418 3990 eaque
1487 3903 1557 3966 in
1618 3904 1856 3982 numia,
1927 3898 2070 3959 ΑΕ.
2115 3899 2304 3964 BBB.

318 3995 595 4077 perinde
665 4018 741 4062 ac
817 3999 1301 4092 Philippopolis
1336 4046 1354 4081 ,
1426 4003 1854 4091 inscriptione

306 4097 570 4164 ‘Graeca
638 4114 741 4164 est
812 4103 1328 4198 usanVnicum,
1386 4106 1561 4192 quod
1609 4111 1855 4193 opponi

315 4214 549 4282 queat,
609 4214 745 4280 est,
805 4203 995 4268 citari
1036 4228 1074 4270 a
1114 4205 1471 4289 Vaillantio
1513 4209 1855 4294 Philippo·

2288 4070 3106 4139 PLOTJNOPOLJS.

2004 4192 2491 4281 Mediterranea
2533 4212 2617 4276 ad
2656 4211 2957 4276 Hebrum
3013 4205 3086 4277 ss.
3132 4207 3228 4273 sic
3273 4228 3464 4275 voca·
3573 4231 3582 4238 ·

312 4299 487 4381 polis
562 4304 883 4369 Thraciae
951 4327 1223 4371 numum
1294 4312 1623 4376 Graecum
1700 4333 1851 4376 cum
1921 4328 1985 4381 ta
2031 4340 2069 4382 a
2111 4317 2382 4396 Plotina
2418 4313 2682 4398 Trajani
2707 4332 2936 4380 uxore.

222 4403 225 4406 ’
318 4401 531 4488 capite
588 4405 930 4472 saloninae
987 4410 1230 4498 absque
1276 4416 1611 4481 mentione
1667 4413 1848 4479 colo·

310 4503 454 4567 niae
487 4549 507 4583 ,
573 4528 713 4573 cum
785 4527 1042 4590 tamen,
1102 4527 1175 4577 ut
1231 4516 1391 4581 alias
1433 4518 1689 4585 abunde
1735 4517 1847 4583 do-

541 4731 606 4802 n)
648 4729 709 4786 in
739 4693 1069 4794 Chronico.
1303 4738 1366 4809 ο)
1394 4733 1470 4797 ll.
1505 4757 1590 4799 cc.

2466 4418 2898 4497 Imperatoria·-

1999 4520 2338 4584 Hactenus
2436 4530 2688 4582 tantum
2786 4514 3035 4600 proditi
3118 4511 3456 4610 Antonini,
