4575 5850
1085 542 1230 607 572

1078 697 1384 766 nitatem,
1447 707 1637 772 qnam
1683 683 1851 749 adeo
1893 683 2106 767 palam
2156 683 2221 744 in
2256 686 2384 747 hoc
2424 704 2625 747 numo

1079 792 1472 880 profitentur
1536 788 1794 871 objecta
1854 786 2048 848 etiam
2114 786 2181 847 in
2229 785 2371 869 ejus
2415 786 2625 848 antica

1083 895 1368 979 imagine
1424 891 1711 963 Romae,
1772 886 1957 971 cujus
2026 886 2265 949 honori
2309 888 2625 971 templum

972 1025 983 1030 ·
1085 1007 1470 1062 statuerunt·

1726 1069 2003 1154 *ιι*

1168 1196 1338 1280 'typi
1385 1198 1455 1256 in
1504 1190 1778 1274 reliquis
1827 1189 1968 1272 ejus
2017 1189 2267 1252 numis=
2324 1193 2628 1268 Peqasus,

1090 1302 1367 1383 Aquila,
1412 1293 1654 1377 aliique
1700 1289 1898 1356 obvii.
1948 1292 2086 1355 AB,
2140 1296 2228 1355 Π.
2271 1291 2632 1369 111.(t‘em-

1082 1400 1314 1463 brock.
1359 1395 1704 1470 Pollerin.)

1712 1546 1991 1630 *⁸*

1173 1714 1375 1789 Caput
1441 1707 1767 1785 Apollinis
1827 1706 2209 1766 laureatum.
2285 1696 2337 1759 ae
2395 1694 2629 1761 AAA-

1088 1804 1583 1871 ΒΑΝΔΕΩΝ.
1630 1807 1911 1882 Peyasus
1942 1805 2203 1878 volans,
2245 1808 2316 1865 in
2347 1806 2476 1865 imo
2516 1824 2628 1864 ca·

1086 1913 1348 1973 riants‘a
1378 1909 1679 1967 nomina.-
1726 1896 2280 1967 ΜΕΝΕΚΛΗΣ.
2326 1896 2629 1962 ΔΙΟΓΕ-

1090 2003 1316 2073 ΝΗΣ.
1392 1994 2000 2067 ΜΗΝΟΔΟΤΟΣ.
2062 1995 2627 2066 ΣΩΚΡΑΤΗΣ.

1086 2101 1608 2171 ΤΙΜΟΚΛΗΣ.
1652 2103 1792 2167 AR.
1846 2126 1931 2167 m.
1969 2097 2055 2172 m,
2089 2103 2434 2186 (Pellerin.
2466 2104 2627 2167 Mel.

1090 2215 1140 2274 1.
1224 2207 1455 2288 ·¹3¹.⁷·)

1172 2231 1380 2389 {aput
1427 2309 1753 2384 Apollinis
1796 2309 2177 2367 laureatum.
2225 2299 2273 2362 Ξ
2304 2301 2631 2366 ANTIO-

1092 2406 1396 2473 XEssN.
1440 2412 1722 2488 Peyasus
1767 2408 1995 2468 volans
2028 2408 2098 2466 in
2135 2408 2307 2466 ima.-
2340 2400 2630 2464 MENE-

1090 2506 1675 2574 KAl-12.AR.m.
1710 2502 2160 2585 m.(lbid.)1n
2191 2508 2629 2567 aliosimilin'n

1091 2621 1219 2678 imo
1255 2601 1826 2673 ΔΗΜΗΤΡΙΟΣ.
1859 2604 2174 2669 Froelich
2211 2604 2442 2668 Annal.
2478 2608 2624 2688 Syn

1087 2737 1152 2800 p.
1204 2713 1308 2776 63.
1359 2716 1436 2774 Ia
1480 2712 1659 2772 alteo
1700 2700 2308 2770 ΜΕΝΕΤΘΕΤΣ.
2358 2706 2626 2788 (Sestini

1088 2819 1261 2878 Lett.
1302 2817 1381 2875 Τ.
1414 2812 1525 2878 IV
1561 2828 1623 2922 Ρ.
1659 2804 1828 2888 ιώ.)

1174 2916 1338 2979 Cum
1382 2907 1626 2997 prioris
1669 2905 1801 2970 loci
1845 2905 2023 2970 numi
2068 2907 2404 2992 argentei,
2449 2907 2628 2993 iique

1090 3013 1422 3081 volumine
1458 3029 1576 3073 sno
1601 3009 1893 3090 insignes
1923 3021 2111 3069 antea
2137 3021 2509 3081 nonessent
2524 3028 2630 3085 co·

1088 3115 1292 3200 gniti,
1349 3128 1573 3172 eorum
1636 3108 1922 3194 quinque
1984 3107 2164 3169 solus
2206 3108 2632 3185 Pellerinius,

1093 3215 1238 3301 unis
1312 3212 1803 3296 magistratuum
1881 3209 2251 3271 nominibus
2330 3208 2632 3272 diversos

976 3382 983 3389 ,
1091 3333 1324 3381 museo
1380 3332 1500 3376 sno
1559 3309 1802 3373 intulit.
1892 3310 2057 3372 Cum
2114 3327 2349 3373 numos
2418 3311 2630 3373 altero

1091 3420 1241 3480 loco
1284 3409 1658 3501 propositos
1708 3412 1847 3473 sola
1901 3408 2259 3497 epigraphe
2308 3407 2632 3471 ANTIO-

1090 3514 1372 3580 XEszN
1402 3538 1438 3578 a
1464 3510 2010 3597 praecedentibus
2038 3510 2415 3596 distinguat,
2451 3502 2628 3575 cete·

1093 3641 1262 3695 rum,
1287 3633 1361 3680 ut
1389 3627 1567 3700 gutta
1603 3627 1822 3695 guttae
1856 3626 1984 3687 est,
2015 3611 2407 3688 simillimos,
2423 3615 2629 3676 omni·

1092 3736 1273 3806 gena·
1305 3718 1486 3781 haec‘
1501 3715 1850 3778 concordia
1887 3711 2211 3799 persuasit
2238 3712 2629 3787 Pellerinio,

1096 3838 1165 3886 ut
1225 3816 1747 3891 Alabandenses,
1817 3828 1887 3879 et
1946 3814 2059 3897 qui
2118 3814 2189 3876 in
2229 3814 2454 3879 alteris
2499 3833 2633 3877 me·

1098 3934 1474 3994 morantur,
1502 3916 2015 3981 ·Antiochenses
2076 3935 2272 3978 unum
2321 3912 2634 3978 eundem-

1092 4044 1223 4109 que
1266 4018 1581 4106 populum
1613 4030 1911 4101 putaret,
1954 4018 2145 4078 nixus
2193 4010 2440 4080 illustri
2493 4016 2637 4079 Ste-

2211 512 3120 591 CARIA.

2698 685 2886 749 drum
2933 685 3003 752 ss.
3048 686 3429 762 constituat,
3475 702 3574 764 et,
3622 701 3692 750 nt
3735 701 4043 771 apparet,
4091 709 4236 753 cum

2698 788 2864 850 urbe
2893 787 3240 851 Antiochia
3274 788 3490 851 eidem
3523 786 3778 853 flumini
3806 791 4031 863 adsita,
4053 791 4239 871 cujus

2698 890 2892 951 etiam
2955 890 3269 952 habemus
3329 911 3600 962 numos,
3670 891 4059 967 confundat,
4117 891 4243 954 nisi

2696 987 2871 1051 forte
2917 989 3084 1053 duae
3126 990 3316 1053 fuere
3347 991 3740 1066 Alabandae,
3791 1006 3863 1056 ut
3897 993 4041 1076 ipse
4078 1013 4240 1055 unus

2702 1090 3046 1153 silentibus
3107 1092 3380 1175 reliquis
3440 1092 3875 1176 scriptoribus
3933 1093 4241 1155 omnibus

2701 1189 3008 1257 affirmat.
3098 1194 3170 1255 Si
3244 1198 3590 1272 Menecles,
3648 1194 3761 1279 qni
3820 1194 3886 1255 in
3942 1196 4237 1278 utrisque

2701 1293 2913 1354 numis
2961 1293 3282 1376 proditur,
3330 1292 3503 1357 idem
3551 1309 3648 1355 est
3695 1315 3841 1358 cum
3878 1294 4018 1371 illo,
4043 1314 4234 1378 quem

2704 1394 2900 1456 domo
2962 1394 3519 1469 Alabandensem,
3583 1395 3961 1481 clarumque
4025 1413 4240 1460 orato-

2698 1514 2837 1556 rem
2887 1493 3116 1558 dixere
3163 1495 3402 1560 Strabo
3445 1511 3512 1557 et
3552 1497 3813 1574 Cicero,
3849 1493 4087 1561 horum
4127 1519 4240 1558 nn·

2699 1614 2955 1657 morum
3010 1599 3285 1659 aetatem
3349 1594 3503 1658 satis
3562 1616 3773 1682 prope
3836 1613 4235 1675 teneremus,

2699 1716 2845 1758 nam
2899 1718 3048 1759 eum
3090 1697 3214 1760 sibi
3247 1716 3457 1782 puero
3497 1697 3786 1760 auditum
3829 1713 4107 1763 testatur
4136 1701 4238 1762 ci-

2699 1815 2856 1860 cero
2889 1807 2963 1880 e).
3014 1802 3112 1862 Ex
3156 1799 3283 1861 hoc
3326 1799 3485 1860 item
3530 1814 3884 1875 constaret,
3933 1803 4089 1863 satis
4125 1800 4234 1861 din

2701 1897 3097 1963 Alabandam
3186 1897 3572 1962 Antiochiae
3655 1918 3899 1963 nomen
3984 1902 4239 1964 tulisse.

2701 2004 3101 2085 Argumenta
3156 2000 3319 2064 haec
3381 2003 3534 2064 satis
3591 2001 3854 2084 quidem
3932 2001 4243 2067 videntur

2698 2102 3136 2187 persuadere,
3180 2121 3415 2164 numos
3459 2102 3578 2166 hos
3627 2104 3804 2167 vario
3836 2105 4106 2167 nomine
4147 2106 4243 2165 in·

2702 2203 2980 2287 scriptos
3027 2202 3106 2264 ad
3137 2200 3415 2266 eandem
3449 2204 3848 2268 Alabandam
3875 2207 4239 2291 pertinere,

2702 2318 2767 2367 at
2827 2304 3062 2365 mirum
3125 2318 3377 2379 tamen,
3441 2307 3693 2371 variare
3761 2307 3943 2370 urbis
3999 2324 4243 2369 nomen

2700 2404 2767 2468 in
2833 2405 3046 2466 numis
3115 2426 3244 2467 uno
3301 2405 3670 2492 eodemque
3732 2424 4073 2492 tempore,
4128 2421 4240 2469 ant

2701 2503 2934 2568 saltem
2985 2504 3242 2592 yicino,
3288 2521 3358 2567 ut
3406 2510 3619 2570 omnia
3678 2506 4114 2593 persuadent,
4161 2508 4242 2568 si-

2701 2604 2936 2686 gnatis.
3024 2607 3194 2670 Sanc
3242 2606 3311 2668 in
3352 2609 3568 2671 numis
3608 2610 3739 2694 jam
3782 2610 3937 2673 inde
3980 2611 4064 2672 ab
4115 2608 4247 2671 Au-

2702 2719 2893 2789 gusto
2923 2706 3111 2768 ‚cusis
3157 2722 3530 2773 constanter
3575 2711 3948 2775 Alabandae
3998 2709 4256 2775 nomen·

2703 2806 2926 2877 valuit,
2964 2806 3354 2890 Conjectura
3389 2814 3679 2874 occurrit
3707 2814 3982 2898 perinde
4008 2814 4246 2900 proba·

2702 2905 2876 2986 bilis,
2910 2907 3389 2974 Antiochenses
3417 2912 3498 2976 ad
3537 2914 3961 2979 Maeandrum
3993 2931 4064 2978 et
4096 2916 4244 2979 Ala·
4317 2966 4362 3013 “.

2703 3007 3073 3073 bandenses
3117 3024 3303 3075 certo
3350 3013 3629 3097 quodam
3678 3017 3995 3097 consilio,
4043 3016 4240 3102 quod,

2703 3121 2774 3169 ut
2829 3110 3017 3193 plura
3061 3110 3220 3188 alia,
3264 3113 3673 3198 ignoramus,
3721 3116 3950 3181 iisdem
3996 3117 4066 3180 in
4110 3138 4237 3180 nno

2700 3211 2831 3272 hoc
2873 3232 3219 3275 numerum
3262 3234 3512 3298 genere
3553 3219 3721 3304 typis
3763 3239 3941 3295 usos,
3983 3233 4056 3282 ut
4095 3240 4239 3281 usas

2702 3309 2907 3374 fuisse
2950 3327 3203 3376 constat
3249 3318 3737 3401 varias,Cretae
3769 3320 3967 3384 urbes
3997 3321 4066 3381 in
4104 3319 4244 3382 imi-

2705 3411 2918 3475 tandis
2960 3428 3263 3478 monetae
3305 3417 3558 3482 Atticae
3604 3422 3806 3505 typis,
3864 3435 3999 3484 tum
4048 3422 4238 3483 Asiae

2700 3513 2903 3576 urbes
2962 3514 3028 3576 in
3073 3516 3408 3600 signandis
3447 3522 3885 3605 cistophoris,
3933 3538 4002 3586 et
4049 3523 4246 3608 cujus·

2702 3613 3076 3698 exemplum
3123 3619 3328 3702 magis
3365 3621 3657 3686 insolens
3684 3623 4101 3708 suppeditant
4129 3647 4247 3688 nn·

2703 3714 2793 3774 mi
2854 3715 3170 3798 Smyrnae
3228 3733 3296 3782 et
3348 3721 3886 3806 Philadelphiae,
3945 3727 4103 3811 quin
4159 3738 4246 3787 ts-

2705 3834 2856 3876 men
2897 3815 3208 3882 adserere
3239 3821 3386 3905 qnia
3420 3825 3660 3906 possit,
3706 3827 4022 3908 Smyrnae
4051 3830 4243 3891 etiam

2703 3915 2906 3980 fuisse
2982 3916 3480 4005 Philadelphise
3555 3946 3816 3991 nomen.
3898 3927 4005 3991 Ad
4080 3930 4243 3993 haec

2707 4017 3160 4103 magistratus,
3233 4021 3445 4088 dictus
3517 4028 3891 4105 Menecles,
3966 4031 4242 4115 perinde

1093 4123 1293 4212 phani
1325 4118 1737 4187 testimonio·
1783 4113 2160 4194 Αλαβανδα,
2191 4114 2228 4195 ἦ
2259 4139 2410 4179 ποτε
2428 4117 2637 4179 Arno·
2708 4138 2854 4182 esse
2928 4122 3141 4204 potuit
3196 4136 3330 4187 tam
3390 4123 3796 4207 Alabandae,
3856 4151 4046 4216 qnam
4116 4135 4242 4195 An-

1094 4246 1273 4311 χεια,
1332 4219 1481 4309 qni
1487 4231 1702 4284 tamen
1749 4232 1982 4285 auctor
2036 4240 2119 4283 eo
2175 4218 2439 4283 videtur
2488 4238 2640 4301 pec-

1094 4344 1283 4401 care,
1343 4321 1523 4412 quod
1584 4323 1750 4387 banc
1805 4320 2202 4387 Alabandam
2258 4320 2336 4384 ad
2383 4322 2641 4385 Maean-

2710 4220 3026 4300 tiochiae‚
3098 4238 3209 4288 aut
3279 4246 3443 4291 unns
3513 4225 3824 4315 idemque
3880 4233 4241 4312 Menecles,

2712 4340 2830 4385 sen
2882 4342 3104 4402 sacer,
3163 4345 3282 4389 sen
3325 4327 3634 4411 profanus
3679 4331 4094 4418 magistratus
4131 4353 4244 4398 es·

1323 4551 1380 4626 e)
1416 4546 1489 4641 In
1523 4548 1709 4609 Bruto
1745 4569 1798 4611 c.
1834 4555 1923 4612 95-
