4575 5850
1205 500 1593 576 REGES
1693 501 2489 578 MACEDONIAE.
3293 523 3438 588 10³

379 666 791 737 TENEDVS
829 667 1067 734 insula.
1121 660 1296 738 Mai.
1354 673 1643 738 Similem
1690 671 1826 737 edi-

308 774 366 836 di
405 794 484 837 ex
534 792 764 835 museo
808 772 901 836 Η.
954 772 1181 836 Ducis.
1240 772 1435 859 Apud
1484 774 1827 840 Tenedum

306 860 503 941 cultus
535 871 780 954 Apollo
805 872 1162 938 sminthius
1185 918 1204 951 ,
1248 875 1343 938 sie
1380 873 1589 940 dictus
1625 899 1660 940 a
1693 898 1832 939 mu·

303 976 499 1051 ribus,
558 987 632 1035 ut
689 958 849 1037 olim
884 987 1037 1059 post
1077 974 1245 1039 alios
1287 972 1596 1061 praecepi
1635 984 1710 1058 ²).
1758 983 1830 1041 In

307 1074 460 1140 alio:
512 1075 778 1139 Securis
825 1074 1021 1138 bifida
1041 1076 1138 1158 ῃ).
1202 1078 1427 1160 Typus
1478 1077 1710 1145 obvius
1762 1078 1830 1141 in

307 1176 432 1261 ejus
455 1175 708 1240 insulae
742 1188 1021 1236 moneta.

379 1274 607 1341 'rEos
651 1272 897 1344 Ioniae.
938 1274 1137 1361 Diota
1165 1273 1385 1342 addito
1419 1280 1597 1349 ΤΗΙ.
1639 1279 1833 1344 Hune

310 1392 545 1443 eertum
591 1377 738 1460 ejus
787 1379 976 1442 urbis*
1014 1400 1280 1441 numum
1329 1380 1507 1445 edidi
1554 1402 1636 1444 ex
1676 1380 1835 1444 Cae-

310 1494 484 1542 sareo
524 1479 616 1561 Σ).
674 1477 894 1542 Minus
940 1495 1161 1544 certus
1205 1483 1411 1559 alter,
1456 1502 1650 1568 quem
1688 1482 1838 1544 Pel·

311 1580 567 1644 lerinius
618 1592 898 1664 propter
959 1594 1185 1665 typum
1246 1583 1478 1668 gryphi
1523 1585 1653 1647 hue
1705 1581 1840 1646 adi-

316 1682 441 1767 git3
496 1701 648 1743 nam
719 1682 777 1739 is
830 1698 1090 1765 quoque
1139 1682 1207 1744 in
1253 1682 1591 1755 Abderae,
1655 1683 1837 1745 Pbo-

315 1801 534 1858 caeae,
592 1780 779 1859 Asai,
834 1793 902 1844 et
947 1779 1265 1865 'Smyrnae
1328 1798 1590 1847 moneta
1648 1802 1841 1868 repe·

316 1881 488 1948 ritur.

389 1982 640 2047 Omitto
737 1978 1049 2046 attributa
1136 1984 1308 2063 alia,
1377 1982 1588 2072 qualia
1668 1997 1839 2059 sunt,

317 2090 526 2151 tanda
545 2132 563 2163 ,
632 2089 851 2149 botrus
868 2128 888 2163 ,
945 2089 1263 2149 cadus-ens
1286 2130 1303 2163 ,
1364 2108 1636 2163 corona,
1693 2108 1841 2148 ara·

316 2194 499 2263 bum,
555 2190 839 2263 tridens,
895 2189 1123 2268 qulea,
1170 2199 1236 2248 et
1284 2199 1841 2271 monogrammata

319 2287 511 2365 varis,
574 2307 779 2372 quae,
838 2287 1143 2372 quoniam
1195 2309 1341 2352 cum
1389 2287 1612 2350 multis
1667 2286 1843 2351 urbi-

231 2384 246 2403 *
317 2384 425 2451 bus
458 2386 653 2453 fuere
700 2392 1101 2466 communia,
1146 2392 1330 2473 signa
1382 2403 1531 2453 sunt
1565 2388 1844 2465 fallacia,

320 2487 434 2549 nisi
471 2508 623 2551 eum
655 2491 891 2555 literae
923 2491 1105 2554 urbis
1136 2490 1466 2575 ὧρχειινσαι
1512 2491 1845 2575 suppetias

318 2587 610 2667 veniunt,
673 2602 749 2655 ut
805 2592 870 2653 in
933 2592 1266 2656 nonnullis
1326 2591 1436 2655 hic
1499 2591 1846 2707 descriptis

322 2688 609 2759 'vidimus-

661 2862 1494 2927 Animadversionem

391 2991 694 3058 Restituo
743 3015 851 3060 eas
889 2996 1102 3082 ipsas,
1151 3020 1308 3083 quas
1351 2998 1418 3061 in
1466 2997 1700 3062 eodem
1751 3019 1848 3061 ar·

324 3111 618 3178 gumento
650 3098 810 3161 olim
842 3099 1154 3184 proposui
1187 3108 1269 3182 Y).

393 3197 603 3282 Hujus
674 3200 938 3283 generis
994 3222 1261 3266 numum
1316 3216 1537 3266 certae
1585 3148 1802 3263 fidei·
1781 3220 1848 3262 ιιι

323 3293 588 3361 Graecia
655 3301 1056 3384 Eut-opaea,
1130 3316 1239 3366 aut
1312 3302 1391 3368 ad
1450 3324 1595 3368 eam
1655 3299 1853 3365 adnu-

305 3397 558 3463 ‘mersta
599 3399 813 3464 insula
856 3401 1180 3486 signatum
1231 3404 1475 3482 fuisse,
1527 3406 1847 3467 hactenus

324 3516 448 3560 non
489 3517 764 3569 constat.
825 3501 1131 3585 Ajebam,
1192 3522 1412 3570 certae
1455 3502 1653 3580 fidei3
1699 3526 1845 3566 nam

321 3614 479 3679 quos
517 3622 712 3685 supra
744 3603 1084 3682 recensui,
1132 3605 1467 3684 Corinthi,
1513 3605 1847 3682 Euboeae,

309 3691 668 3781 ‘Leucadih
710 3701 759 3765 ii
806 3706 1036 3768 harum
1100 3719 1167 3770 et
1219 3706 1448 3771 literas
1492 3703 1851 3790 ἁρχαηισας,

326 3805 387 3859 Gt
418 3804 687 3888 propria
734 3803 1029 3888 symbola
1073 3810 1201 3871 rite
1249 3804 1671 3893 praeferunt,
1732 3825 1849 3869 eos

315 3911 527 3964 'tamen
564 3906 632 3967 in
677 3903 864 3971 nullo
894 3927 1148 3985 museo,
1195 3924 1653 3995 praeterquam
1690 3905 1852 3969 Gol-

317 3996 546 4078 tiano,
601 4009 902 4090 reperire
950 4011 1191 4088 licuit,
1271 4009 1374 4076 eui
1424 4023 1669 4074 tantum
1691 4029 1849 4074 non

323 4100 570 4180 tribuo,
635 4119 706 4171 ut
758 4111 902 4195 ejus
957 4113 1148 4175 unius
1190 4113 1546 4195 praeconio
1591 4110 1850 4174 definiri

323 4204 667 4290 quidquam
699 4230 895 4294 posse
927 4213 1317 4300 existimem.
1360 4214 1566 4275 Dixi
1547 4231 1849 4297 insuper:

309 4313 782 4378 'uou’eonstare
816 4301 1034 4378 oei-to.⁸
1065 4317 1230 4378 Nam
1261 4313 1386 4376 etsi
1403 4313 1682 4377 -dubium
1714 4332 1847 4376 non

1900 672 2032 751 sit,
2087 673 2463 758 complures
2523 671 2591 733 in
2634 666 3020 733 Macedonia
3082 691 3309 751 cusos,
3373 690 3439 740 et

1901 775 1984 838 ad
2052 777 2288 838 horum
2357 771 3080 858 exemplumreliquos
3137 775 3204 837 in
3267 778 3444 840 urbi-

1901 877 2022 939 bus
2106 875 2410 943 Asiatieis
2496 876 2826 954 signatos,
2911 874 3164 938 nullum
3224 890 3442 940 tamen

1901 977 2035 1039 vidi
2075 976 2427 1052 haetenus,
2470 994 2670 1058 quem
2708 992 2792 1037 ex
2824 975 3023 1037 certis
3069 976 3332 1041 indiciis
3374 978 3445 1041 in

1903 1077 2288 1141 Macedonia
2356 1095 2740 1159 percussum
2808 1073 3118 1140 adserere
3176 1082 3445 1159 possim.

1899 1176 2006 1239 Do
2067 1164 2145 1239 iis
2203 1190 2451 1240 tantum
2509 1174 2753 1258 loquor
2793 1217 2810 1249 ,
2862 1175 2973 1258 qui
3027 1193 3222 1262 caput
3279 1182 3446 1243 Her.

1905 1279 2070 1341 culis
2130 1278 2202 1339 'in
2263 1298 2425 1351 una,
2471 1289 2539 1337 et
2580 1275 2815 1341 Jovem
2861 1277 3201 1343 sedentem
3248 1283 3316 1344 in
3360 1282 3452 1346 al·

1897 1393 2045 1441 tera
2102 1391 2291 1463 parte
2353 1375 2716 1454 exhibent,
2793 1378 2862 1440 et
2921 1386 3222 1464 argentei
3277 1399 3448 1450 sunt.

1906 1480 2101 1543 Juvat
2160 1477 2289 1540 boc
2338 1478 2490 1542 loco
2537 1480 2601 1540 in
2647 1477 2883 1564 vulgus
2930 1479 3211 1559 docere,
3272 1483 3447 1567 quod

1909 1602 2013 1643 me
2088 1578 2387 1643 laudatus
2453 1600 2649 1662 supra
2704 1580 3146 1664 Cousineryus
3215 1587 3454 1650 multo·

1907 1704 2053 1745 rum
2113 1681 2179 1742 i'n
2227 1679 2614 1743 Macedonia
2676 1701 2991 1745 annorum
3047 1686 3325 1770 hospes,
3384 1703 3454 1753 et

1907 1783 2106 1867 longa
2162 1779 2331 1844 adeo
2391 1778 2798 1863 experientia
2868 1782 3140 1847 edoctus
3200 1809 3322 1873 per
3378 1790 3455 1853 li.

1897 1888 2087 1948 ‘teras
2163 1881 2468 1958 monuit,
2527 1881 2887 1945 Alexandri
2949 1887 3452 1967 tetradraebma,

1912 2002 2078 2069 quae
2117 1983 2190 2045 in
2237 1925 2628 2046 Macedonia
2674 1980 3127 2061 effodiuntur,
3187 1990 3456 2054 crassio-

1911 2084 2005 2147 ris
2049 2100 2197 2145 esse
2245 2084 2533 2159 metalli,
2578 2099 2646 2149 et
2696 2068 2915 2169 operis
2953 2087 3166 2152 minus
3193 2091 3459 2176 elegan-

1913 2186 2035 2262 tis,
2081 2198 2147 2248 at
2188 2204 2355 2268 quae
2407 2203 2491 2245 ex
2538 2187 2735 2249 variis
2775 2188 2987 2250 causis
3034 2187 3099 2247 in
3142 2190 3297 2253 Asia
3340 2195 3459 2256 mi·

1916 2306 2079 2350 nore
2123 2306 2275 2348 cusa
2323 2299 2613 2379 constat,
2656 2305 2885 2350 eorum
2927 2291 3280 2374 ampliores
3312 2312 3459 2358 esso

1917 2386 2286 2461 orbiculos,
2334 2400 2402 2448 et
2441 2386 2702 2473 operis,
2748 2388 2925 2473 quod
2955 2389 3223 2455 Gratiae
3269 2384 3457 2458 su‘tim

1918 2506 2063 2550 esse
2099 2487 2374 2558 vellent.
2494 2549 2501 2561 ,

2001 2590 2088 2666 Ii,
2133 2588 2216 2652 de
2271 2606 2551 2674 quorum
2605 2592 2802 2657 natali
2845 2594 2991 2656 solo
3040 2610 3333 2673 constat,
3380 2601 3461 2660 si-

1917 2688 2097 2778 gnati
2155 2705 2306 2753 sunt
2348 2690 2417 2753 in
2456 2690 2726 2754 urbibus
2775 2692 2929 2756 inde
2974 2716 3008 2757 a
3053 2696 3459 2780 Propontide

1915 2791 2204 2879 legeqdo
2248 2792 2402 2855 litus
2446 2792 2636 2856 Asiae
2674 2793 2985 2869 minoris,
3029 2795 3462 2871 Palaestinae,

1914 2892 2092 2959 forte
2166 2908 2234 2958 et
2287 2894 2563 2975 Syriae,
2636 2895 3133 2979 comprehensis
3191 2899 3465 2985 insuper

1922 2996 2171 3081 aliquot
2233 2994 2679 3078 adjacentibus
2724 2996 2956 3060 insulis
2985 3044 3004 3073 ,
3067 3012 3134 3061 et
3178 3000 3246 3062 in
3282 3000 3464 3063 'urbi-

1920 3098 2046 3162 bus
2101 3097 2369 3182 quidem
2428 3112 2538 3160 aut
2595 3098 2972 3175 maritimis,
3034 3116 3146 3164 aut
3199 3124 3237 3164 a
3302 3104 3468 3166 mari

1923 3201 2165 3284 exiguo
2221 3197 2576 3263 intervallo
2633 3201 2929 3265 remotis.
2972 3202 3254 3279 Earum,
3301 3223 3467 3288 qnae

1920 3302 2182 3365 Euxino
2244 3301 2589 3387 adjacent,
2647 3302 2867 3366 nullus
2914 3318 3338 3385 compertus,
3401 3317 3469 3367 et

1923 3404 2285 3491 generatim
2321 3447 2338 3480 ,
2399 3422 2567 3487 quae
2625 3404 2871 3479 Ponti,
2927 3403 3324 3484 Bithyniae,
3397 3419 3467 3468 et
3582 3423 3592 3431 ·

1920 3505 2228 3591 Pergami
2273 3502 2543 3587 regibus
2589 3521 2905 3587 paruere,
2960 3504 3058 3566 u‘ti
3100 3523 3315 3588 neque
3360 3526 3471 3568 ur-

1920 3608 2100 3671 bium
2165 3605 2371 3690 magis
2428 3603 3076 3679 mediterranearum,
3130 3620 3470 3691 quantum·

1921 3708 2088 3770 libet
2159 3705 2511 3770 illustrium
2545 3752 2563 3783 ,
2636 3706 2862 3792 quales
2933 3705 3125 3770 fuere
3201 3705 3468 3786 Sardes,

1926 3809 2220 3884 Tralles,
2312 3807 2674 3883 Laodicea,
2761 3822 2828 3872 et
2913 3810 3199 3892 Apamea
3258 3809 3468 3894 Phry·

1924 3910 2094 3993 giae.
2146 3912 2218 3971 In
2251 3932 2381 3981 ⁸ora
2431 3911 2625 3974 Asiae
2674 3910 2941 3972 minoris
2974 3907 3129 3972 inde
3164 3910 3244 3972 ab
3283 3909 3463 3975 Rho-

1922 4012 2007 4074 do
2076 4029 2284 4096 usque
2371 4010 2453 4074 ad
2529 4013 2809 4074 Tarsum
2872 4011 2940 4071 id
3014 4030 3222 4094 genus
3279 4014 3466 4078 numi

1918 4110 2147 4197 ignoti.
2206 4112 2335 4174 Sed
2390 4112 2572 4177 nulla
2630 4111 2822 4196 regio
2865 4131 3023 4194 prae
3081 4112 3262 4176 Ionia
3308 4114 3465 4176 Ale·

1919 4211 2150 4292 xandri
2194 4211 2692 4290 observantior,
2751 4234 2900 4276 nam
2967 4214 3255 4276 omnium
3317 4214 3461 4297 ejus

1919 4311 2177 4374 urbium
2214 4355 2232 4386 ,
2335 4334 2606 4399 quarum
2690 4313 3022 4376 'habemus
3090 4328 3459 4391 monetam,

379 4431 386 4440 .
421 4431 434 4466 Ι
1511 4427 1516 4432 -
2444 4420 2467 4432 υ
3290 4423 3295 4442 ,

498 4526 550 4591 t)
588 4518 766 4585 Nutu.
802 4537 921 4587 vet.
945 4545 1010 4603 p.
1037 4531 1131 4588 81.
1225 4524 1296 4596 ¹²)
1332 4522 1561 4583 Dutens
1582 4521 1813 4601 Explic.
1844 4527 2052 4601 p.104.
2151 4523 2215 4595 ¹)
2253 4515 2749 4601 Num.-vel·1).'82·
2850 4519 2914 4596 δ’)
2952 4522 3128 4584 Num·
3146 4485 3456 4602 vet-1³08&
