4575 5850
1063 734 1217 816 262
2141 723 3089 799 -ACHA1A.

1015 911 1020 916 ’
1062 901 1183 965 dus
1234 894 1596 964 Achaicum
1651 894 2020 982 pertinent,
2102 893 2279 980 quod
2360 908 2611 980 tempo·
2762 897 3111 961 Postremo
3153 896 3239 963 cl.
3292 896 3589 961 Sestinus
3639 897 4007 964 collaudato
4057 901 4235 962 Neu·

1060 1003 1313 1067 tarium
1396 1013 1646 1064 tantum
1715 998 1858 1061 fuit.
1967 999 2133 1061 Sunt
2213 1015 2375 1060 vero
2426 999 2611 1062 numi
2679 1000 2947 1076 manni,
2976 1018 3256 1085 meoque
3321 998 3609 1082 judicio,
3672 999 3852 1086 quod
3911 1023 3948 1064 a
4008 1002 4231 1065 Malea

1058 1115 1449 1186 praesentes
1501 1117 1630 1166 tam
1692 1095 1999 1175 metallo,
2059 1118 2251 1183 quam
2312 1099 2610 1182 pondere
2676 1098 2802 1163 hos
2869 1121 3104 1164 numos
3191 1100 3585 1176 avertimus,
3644 1103 3891 1168 acriter
3956 1117 4231 1167 conteu-

1062 1216 1134 1270 et
1201 1203 1451 1267 fabrica
1511 1200 1829 1266 simillimi
1888 1200 2004 1278 iis,
2067 1200 2179 1284 qui
2230 1199 2298 1263 in
2361 1200 2609 1265 Achaia
2679 1199 2815 1277 dit,
2846 1200 3013 1263 nihil
3041 1200 3385 1284 Siphnoin
3421 1223 3536 1266 eos
3568 1219 3715 1267 esse
3751 1202 3949 1286 juris,
3995 1225 4229 1270 omnes

1059 1306 1202 1370 cusi
1255 1303 1488 1383 fuere,
1552 1303 1739 1387 cujus
1787 1325 1938 1387 pars
1983 1300 2112 1365 fuit
2171 1303 2411 1387 Sicyon
2455 1322 2603 1366 cum
2680 1300 2806 1362 sibi
2867 1301 3223 1384 Sicyonem
3292 1303 3651 1370 vindicare.
3740 1305 3959 1393 Super
4019 1328 4216 1390 argu·

1054 1427 1243 1493 agro.
1329 1407 1493 1470 Cum
1534 1398 1741 1492 ig'itu'r
1797 1405 1862 1466 in
1927 1403 2032 1465 his
2087 1419 2473 1495 expressum
2519 1406 2609 1469 sit
2677 1416 2897 1465 menta
2972 1403 3349 1488 pleraque„
3417 1424 3697 1488 quornm
3765 1428 3958 1472 causa
4025 1429 4225 1494 supra

1053 1503 1124 1572 Σ
1173 1509 1357 1573 urbis
1403 1510 1600 1571 litera
1640 1505 1946 1593 princeps
1974 1550 1991 1581 ,
2049 1508 2217 1571 nulli
2266 1506 2462 1571 alteri
2497 1530 2603 1571 ur·
2675 1501 3179 1585 praeferendam
3261 1506 3611 1588 Sicyonem
3685 1509 3858 1587 dixi,
3935 1530 4229 1573 comme-

1049 1611 1122 1678 bi
1177 1630 1337 1699 prae
1406 1612 1726 1692 Sicyone„
1770 1610 2206 1694 opportunius
2289 1611 2604 1694 poterunt
2677 1619 2887 1668 morat
2947 1605 3178 1684 etiam,
3235 1610 3438 1673 certis
3499 1609 3626 1672 sibi
3668 1607 3929 1672 indiciis
3967 1624 4229 1674 consta-

1050 1712 1567 1783 adcommodati.
1696 1709 1803 1772 Ad
1881 1710 2044 1774 haec
2103 1724 2327 1775 narrat
2382 1711 2603 1775 Xeno·
2672 1725 2785 1784 re,
2832 1706 3010 1770 istud
3073 1725 3378 1775 monetae
3426 1725 3777 1796 argenteae
3830 1729 4038 1797 genus
4086 1729 4225 1774 nou

1050 1816 1231 1905 phou
1264 1819 1366 1900 ¹¹),
1464 1812 1808 1893 Sicyonios
1872 1813 2294 1877 consuevisse
2348 1812 2599 1898 clypeis
2671 1810 2992 1894 reperiri,
3025 1811 3150 1875 nisi
3194 1811 3260 1874 in
3311 1811 3544 1877 vicinia
3595 1811 3844 1878 veteris
3897 1811 4225 1893 Sicyonis,

1050 1920 1185 1984 suis
1228 1915 1595 1983 inscribere
1646 1914 1908 1978 literam
1945 1913 2027 1981 Σ.
2079 1917 2263 2000 Ergo
2292 1935 2424 1998 quo
2453 1915 2603 1978 cha·
2674 1929 2840 1993 quae
2896 1910 3096 1976 hodie
3178 1916 3469 1976 Basilica
3550 1912 3813 1977 dicitur.
3906 1913 4223 1979 validum

1017 2036 1311 2088 -ractere
1375 2020 1480 2083 usi
1542 2029 1691 2080 sunt
1741 2016 1823 2079 ad
1870 2038 2023 2080 suos
2077 2017 2144 2078 in
2195 2017 2598 2099 praeliorum
2674 2032 2829 2076 saue
2888 2014 2954 2076 in
3017 2014 3233 2076 dubiis
3312 2016 3785 2080 numismaticis
3873 2035 4226 2097 argumen-

1047 2122 1336 2189 tumultu
1395 2117 1900 2193 discernendos,
1961 2115 2199 2180 eodem
2252 2117 2452 2180 etism
2512 2117 2603 2182 vi·
2672 2127 2838 2178 tum.
2943 2115 3290 2179 Rationem
3340 2117 3704 2182 Neumanni
3755 2117 3833 2180 ab
3901 2117 4223 2200 inscripto

1035 2223 1292 2290 'dentur
1331 2221 1538 2285 fuisse
1591 2219 1694 2281 usi
1742 2217 1825 2281 ad
1856 2217 2426 2283 discriminandsm
2462 2227 2601 2283 mo³
2650 2215 3055 2301 magistratu
3135 2212 3571 2282 ΑΛΕΞΙΩΝ
3634 2221 3923 2310 ⁴petitam
3999 2220 4225 2282 elevat

1046 2340 1268 2391 notam
1344 2344 1525 2387 suam
1585 2320 1667 2385 ab
1733 2319 1859 2383 alia
1918 2320 2196 2385 aliorum
2265 2319 2596 2403 Pelopon·
2668 2319 3050 2395 statuendo,
3114 2319 3290 2384 hunc
3359 2341 3621 2406 quoque
3685 2340 3962 2387 aeneum
4030 2321 4225 2384 Hun-

1044 2428 1193 2494 nesi
1241 2425 1659 2511 populorum.
1745 2422 1930 2486 Haec
1964 2425 2020 2487 si
2059 2421 2338 2486 eruditis
2360 2420 2594 2504 proba·
2662 2420 2987 2483 terianum
3061 2440 3208 2485 esse
3279 2424 3611 2502 Sicyonis,
3677 2445 3989 2510 suamque
4047 2425 4223 2487 adeo

1045 2524 1821 2605 buntur„nobilissimae
1879 2517 2148 2609 Sicyoni
2202 2543 2355 2586 suos
2388 2521 2592 2585 vindi·
2669 2522 2886 2603 potius
2938 2542 3196 2588 causam
3244 2524 3655 2608 confirmari3
3705 2527 3949 2592 etenim
3995 2528 4049 2589 si
4102 2528 4219 2592 hic

1046 2630 1336 2695 cavimus
1362 2645 1598 2691 numos
1632 2626 1943 2709 usquein
1976 2627 2152 2690 hunc
2184 2623 2360 2688 diem
2380 2624 2593 2709 patrio
2668 2619 3018 2705 Sicyonem
3076 2626 3352 2711 patriam
3416 2627 3649 2705 habet,
3717 2629 3915 2693 etiam
3979 2648 4223 2711 argen-

1043 2730 1193 2796 solo
1236 2741 1558 2794 extorres.
2665 2724 2757 2789 tei
2813 2725 3054 2789 eodem
3117 2728 3498 2813 magistratu
3556 2732 3764 2795 notati
3810 2729 3892 2794 ad
3931 2731 4215 2794 eandem

1124 2832 1311 2895 Haec
1364 2844 1514 2894 ante
1568 2850 1770 2894 annos
1815 2829 2152 2892 minimum
2200 2828 2344 2896 ΧΠ.
2388 2828 2594 2911 scrip·
2665 2839 2862 2890 erunt
2905 2827 3137 2891 urbem
3185 2828 3482 2894 vocandi,

1042 2939 1290 3010 seram,
1347 2951 1564 3016 neque
1615 2932 2097 3008 dubitaveram,
2170 2930 2341 2994 hanc
2406 2931 2594 2996 iuve-

989 3026 1248 3100 ‘terati'
1297 3034 1550 3097 erroris
1609 3033 2047 3117 suspicionem
2112 3032 2179 3092 in
2231 3032 2496 3116 vulgato
2553 3054 2589 3094 a

1041 3155 1152 3199 me
1226 3134 1527 3218 catalogo
1578 3137 1790 3198 musei
1845 3134 2149 3199 Caesarei
2214 3133 2434 3197 obiter
2496 3135 2592 3194 in-

981 3236 996 3245 ’
1040 3235 1265 3300 dicare
1314 3241 1415 3319 ¹),
1492 3255 1641 3298 cum
1701 3257 1809 3301 me
1867 3236 1955 3297 cl.
2010 3238 2431 3298 Neumauuus
2490 3255 2593 3299 se·

1037 3338 1177 3400 rius
1226 3336 1510 3421 Sicyone
1565 3338 1632 3399 in
1679 3337 1998 3422 Siphnum
2056 3335 2389 3401 abstraxit.
2476 3338 2591 3400 Et-

1017 3440 1217 3513 „enim
1287 3460 1437 3503 cum
1497 3437 1562 3501 in
1630 3459 1834 3503 numo
1900 3457 2107 3502 aeneo
2153 3439 2587 3515 Hunteriauo,

1036 3560 1237 3628 quem
1268 3562 1402 3606 non
1442 3537 1776 3605 dubitabat
1829 3562 1976 3604 ease
2032 3539 2263 3624 Siphai
2310 3541 2585 3609 insulae,

1033 3641 1301 3726 legeret
1359 3642 1809 3726 magistratum
1857 3636 2333 3720 ΑΛΕΞῙΩΝ,
2386 3658 2582 3729 atque

1032 3741 1216 3806 idem
1259 3741 1522 3824 legatur
1579 3743 1647 3805 in
1701 3743 2024 3809 similibus
2064 3744 2433 3827 argenteis,
2482 3745 2580 3809 <le

1035 3843 1272 3927 quibus
1334 3863 1510 3907 nunc
1569 3844 1856 3927 agimus,
1912 3845 2064 3929 jure
2129 3845 2395 3929 putabat
2459 3847 2581 3910 hos

1036 3961 1300 4028 quoque
1388 3943 1639 4028 Siphno
1724 3936 2168 4010 restituendos
2203 3954 2293 4029 Υ).
2382 3946 2580 4043 Quod

1033 4044 1302 4128 quidem
1357 4061 1814 4129 argumentum
1877 4048 2032 4111 satis
2078 4048 2240 4111 mihi
2293 4050 2577 4119 validum

1030 4147 1281 4224 visum,
1328 4160 1401 4210 ut
1445 4165 1573 4231 ego
1613 4167 1890 4237 ,quoque
1928 4151 2237 4215 acl-hane
2296 4151 2575 4216 insulam

1030 4246 1316 4311 animum
1346 4247 1802 4330 adverterem,
1845 4252 2022 4337 quod
2071 4266 2138 4317 et
2174 4254 2387 4318 serius
2433 4255 2577 4339 ipse

1025 4346 1370 4433 professus
1402 4369 1543 4414 sum
1588 4356 1673 4437 z).

2749 2927 2947 3021 Quod
3006 2927 3225 2996 meum
3281 2934 3365 2997 sit
3423 2935 3488 2995 in
3541 2935 3848 2998 universa
3890 2934 4012 2997 hac
4059 2954 4221 2998 cau·

2656 3052 2732 3095 sa
2800 3031 3156 3115 judicium,
3217 3036 3883 3121 paucis'expediam.
3969 3035 4215 3099 Nullus

2661 3132 2788 3215 jam
2870 3132 3133 3225 dubito,
3201 3137 3377 3219 quod
3444 3139 3705 3224 pridem
3762 3138 4213 3223 conjeceram,

2662 3253 2892 3299 omnes
2945 3235 3067 3299 hos
3122 3244 3482 3322 'argenteos
3537 3240 3786 3318 maiore
3839 3237 3898 3305 Σ
3950 3256 4216 3305 notatos

2662 3335 3005 3417 Sicyonem
3090 3338 3523 3404 revocandos.
3635 3342 3917 3405 Praeter
4014 3363 4211 3426 argu-

2663 3451 2921 3513 menta,
3009 3458 3174 3523 quae
3262 3443 3480 3519 attuli,
3568 3462 3811 3530 eaque,
3891 3457 3963 3506 ut
4023 3463 4211 3519 reor,

2662 3540 2929 3602 omnino
2974 3543 3217 3622 solida,
3264 3546 3459 3610 etiam
3503 3547 3731 3623 locus,
3788 3545 3855 3607 in
3902 3566 4029 3631 quo
4084 3567 4209 3611 eos

2658 3644 2944 3727 reperiri
3002 3658 3279 3712 testatur
3340 3649 3671 3725 Sestinus,
3734 3669 4033 3734 magnum
4093 3650 4209 3713 ad-

2655 3741 2789 3806 fert
2837 3764 3261 3814 momentum.
3347 3753 3564 3837 Atque
3621 3751 4062 3817 haecomnia
4114 3754 4207 3815 si·

2654 3844 2793 3907 mul
2859 3862 3113 3934 sumpta
3175 3867 3305 3915 tam
3372 3852 3534 3915 mihi
3597 3853 3906 3918 videntur
3968 3853 4205 3935 valida,

2653 3960 2724 4009 ut
2770 3968 3230 4034 argumentum
3285 3978 3320 4018 a
3371 3954 3696 4020 vocabulo
3760 3952 4205 4020 ΑΛΕΞΙΩΝ

2651 4065 2950 4138 captum,
3054 4056 3231 4140 quod
3315 4057 3686 4121 Neumanni
3764 4056 4201 4122 fortissimum

2650 4168 2789 4231 est,
2851 4176 3113 4221 omnem
3175 4156 3474 4223 videatur
3545 4159 3846 4227 emittere
3919 4161 4205 4224 auctori-

2649 4269 2875 4322 tatem.
2960 4250 3226 4323 Etenim
3282 4259 3339 4321 si
3384 4259 3573 4323 senei
3621 4260 3690 4321 hi
3735 4263 3919 4324 numi
3960 4284 4042 4326 ex
4074 4263 4199 4327 Se·

2648 4357 2800 4420 atini
2873 4364 3195 4425 sententia
3279 4374 3431 4426 sunt
3519 4362 3833 4447 Sicyonis,
3909 4367 4195 4451 Siphnus

1038 4554 4187 4589 Μ

2231 4661 2297 4732 x)
2328 4660 2388 4723 P.
2418 4663 2462 4720 Ι.
2489 4681 2555 4742 p.
2588 4672 2714 4727 121.
2853 4667 2919 4738 5)
2945 4622 3135 4729 Num,
3167 4688 3312 4748 pop.
3355 4670 3427 4727 P.
3462 4664 3541 4731 11.
3578 4691 3647 4750 p·
3684 4679 3808 4736 221.
3962 4673 4022 4743 ⁸)
4056 4670 4189 4750 Syl·
