4575 5850
1122 589 1639 663 REGES
1752 584 2714 662 BITHYNIAE.
3357 598 3504 674 [5253

345 786 533 832 eausa
578 760 636 825 si
679 758 1053 826 verisimilis
1094 759 1426 824 videbitur
1454 759 1752 832 eruditio,
1779 759 1887 822 ha·
1957 758 2116 820 mihi
2157 758 2222 820 in
2273 759 2353 820 iis
2400 756 2787 821 deliniendis
2821 755 3038 839 legem
3077 757 3364 837 praefixi.
3408 764 3513 821 Ex

343 869 575 930 bemus
608 874 976 946 promptum
1007 860 1076 923 in
1110 863 1470 985 utriusquqe
1472 861 1744 924 Prusiae
1770 882 1887 922 nu·
1958 860 2155 923 simili
2201 881 2392 922 causa
2431 860 2785 921 Seleucum
2822 859 2872 920 1.
2905 859 3179 938 Syrum,
3226 859 3501 943 ejusque

342 969 461 1029 nis
525 964 896 1047 argenteis‘
920 960 1309 1039 discrimen,
1369 960 1468 1024 si‘c‘
1499 954 1592 1024 ἰιι
1635 961 1729 1036 ii',
1775 962 1886 1046 qui
1954 958 2161 1022 filium
2197 961 2587 1025 Antiochum
2630 958 2834 1041 injus
2867 958 3118 1019 alarum
3154 960 3504 1037 involasse,

327 1068 658 1141 ⁸exhibent
720 1077 910 1145 caput
955 1062 1335 1138 barbatum,
1383 1060 1710 1123 tribuendi
1756 1058 1910 1123 sint
1933 1060 2298 1125 ‘'dicemus
2280 1085 2348 1124 ιιι
2376 1063 2715 1141 uniusque
2752 1059 2987 1120 numia.

342 1169 614 1231 Prusiae
681 1168 772 1240 1.‚
845 1165 956 1250 qui
1024 1161 1324 1225 imberba
1382 1161 1663 1237 alatum,
1719 1162 1886 1224 Pru·
2039 1166 2326 1248 Propter
2360 1162 2632 1224 eandem
2679 1180 2934 1223 causam
2976 1159 3191 1223 eidem
3227 1161 3499 1225 Prusia'e

344 1270 476 1330 siae
540 1270 621 1333 Π.
688 1273 855 1330 Sane
918 1264 1040 1330 hac
1102 1285 1228 1326 una
1286 1282 1478 1325 causa
1543 1258 1880 1339 suadente,
1955 1266 2036 1329 11.
2098 1264 2251 1326 dedi
2312 1283 2543 1324 numos
2598 1282 2878 1337 aeneos,
2937 1261 3002 1322 in
3067 1281 3345 1342 quorum
3390 1285 3525 1326 anm

343 1369 618 1453 reliquis
677 1367 921 1451 oppido
981 1363 1160 1448 vagis
1220 1383 1293 1427 ac
1349 1363 1658 1499 incexy'a,
1713 1362 1880 1426 hanc
1955 1363 2086 1426 tica
2163 1377 2263 1425 est
2316 1379 2509 1447 caput
2554 1363 2854 1425 imberba
2898 1362 3139 1427 alatum
3187 1359 3508 1426 diadema·

345 1655 690 1715 Macedonis
728 1651 914 1712 filiam
939 1654 1205 1728 Apamen
1249 1650 1492 1708 uxorem
1527 1648 1720 1707 duxit.
1754 1649 1844 1720 (in
1872 1650 2077 1707 Prusia
2102 1651 2150 1709 1.
2178 1670 2237 1728 p.
2265 1652 2425 1722 317.)
2464 1650 2619 1707 Dicti
2655 1650 2743 1706 sui
2774 1650 2987 1707 vadem
3025 1671 3148 1710 non
3176 1654 3349 1721 citat,
3389 1657 3499 1715 sed

331 1728 586 1803 'ridetur
613 1741 764 1801 illud
792 1741 1055 1800 hausisse
1085 1759 1154 1798 ex
1189 1738 1470 1817 Polybio,
1513 1739 1614 1814 qui
1646 1739 1908 1795 Prusiam
1934 1736 1984 1797 Ι.
2015 1738 2194 1812 hujus
2224 1739 2492 1818 Philippi
2524 1736 2777 1814 κηδες-ην
2792 1753 2983 1806 vocat,
3003 1741 3185 1812 (nist.
3204 1744 3269 1802 Ι.
3286 1744 3422 1804 XV.
3440 1763 3497 1804 c.

344 1837 468 1907 22.)
499 1831 666 1909 quod
697 1850 978 1907 generum
1004 1828 1184 1886 suerit
1214 1827 1655 1904 inteimpretatus
1692 1826 1912 1888 Verum
1940 1830 2247 1905 Appianas
2281 1827 2499 1887 di'serte
2521 1844 2740 1900 narrat,
2758 1830 3021 1889 Prusiam
3038 1826 3110 1884 ΙΙ.
3129 1830 3494 1890 Venatorem

347 1922 729 1981 matrimonio
754 1923 1014 1997 junctam
1038 1918 1315 1974 habuisse
1347 1918 1543 1975 Persei
1572 1936 1856 1987 soron-,em
1888 1917 1949 1974 id
1979 1930 2083 1987 est,
2113 1918 2375 1997 Philifpi
2401 1919 2476 1977 V.
2510 1916 2708 1977 filiam.
2741 1921 2835 1983 (ln
2872 1917 3231 1989 Mithridat.)
3264 1922 3349 1977 Ex
3382 1943 3501 1999 quo

349 2031 567 2083 sequen
568 2023 724 2075 etur
754 2008 1110 2085 Philippum
1125 2003 1278 2063 filim·
1283 2024 1381 2060 um
1413 2025 1586 2063 unam
1616 2004 1871 2064 elocasse
1901 2008 1976 2063 Ρι
1983 2027 2140 2065 usiae
2160 2010 2335 2081 patri,
2355 2008 2597 2066 alteram
2617 2009 2860 2064 Prusiae
2879 2004 3018 2066 filio.
3059 2007 3240 2077 Quod
3256 2012 3499 2069 cumvix

347 2101 428 2158 sit
451 2099 789 2169 verisimile,
819 2114 1074 2174 pronum
1108 2105 1199 2154 est
1227 2113 1292 2150 ci
1296 2093 1492 2162 edere
1522 2096 1832 2154 Prusiael.
1866 2116 2111 2154 uxorem
2142 2098 2321 2155 fuisse
2338 2096 2692 2174 Philipin.
2712 2115 2994 2166 sowi-em,
3010 2114 3132 2153 non
3150 2085 3346 2168 finam,
3362 2119 3499 2155 nam

258 2182 272 2198 ⁰
349 2186 610 2266 ηδιςης
646 2188 762 2262 jam
803 2205 1102 2261 generum,
1144 2184 1263 2257 jam
1311 2200 1596 2255 socerum,
1641 2187 1758 2260 jam
1801 2203 2213 2260 quemcunque
2255 2184 2511 2244 adfinem
2548 2197 2735 2255 notat,
2772 2184 2939 2262 quod
2974 2184 3170 2242 multis
3206 2189 3492 2264 exemplis

346 2276 765 2353 comprobavit
797 2273 1211 2352 spanhemius.
1242 2269 1349 2344 (ad
1373 2271 1542 2330 Orat.
1569 2273 1610 2328 l.
1642 2273 2109 2351 Julianip.287.)
2151 2274 2538 2353 Quodipsum
2558 2275 2859 2350 impulerit
2873 2275 3177 2333 eruditum
3199 2274 3500 2344 Sevinum,

351 2380 423 2424 ut
450 2384 577 2425 eam
604 2363 872 2441 Philippi
900 2380 1162 2419 sororem
1191 2358 1558 2418 confidenter
1595 2358 1918 2420 adsereret.
1951 2363 2044 2433 (B.
2077 2364 2142 2418 L.
2177 2365 2244 2422 T.
2277 2364 2434 2423 XVI.
2465 2365 2635 2420 Mem.
2675 2386 2737 2441 p.
2770 2367 2926 2434 146.)
2959 2363 3137 2437 Quod
3160 2363 3494 2424 suerithuic

352 2455 604 2513 Prusiae
629 2453 669 2510 1.
698 2452 867 2511 uxori
893 2470 1132 2511 nomen.
1148 2463 1206 2508 et
1223 2446 1384 2506 istud
1400 2448 1755 2525 disputatur.
1800 2450 2049 2508 Sevinus
2067 2452 2339 2529 Apamen
2356 2464 2554 2513 vocat.
2581 2453 2782 2510 Fuisse
2802 2452 3042 2509 Prusiae
3060 2454 3104 2512 I.
3119 2473 3356 2513 uxorem
3376 2456 3499 2512 dio·

348 2557 474 2601 tam
501 2545 791 2613 Apamen,
821 2554 1087 2598 tenemus
1118 2558 1186 2615 eg
1220 2538 1531 2605 Strabone,
1562 2557 1692 2595 cum
1725 2540 1942 2605 refert,
1982 2561 2114 2599 eum
2146 2554 2446 2616 acceptam
2472 2541 2735 2617 Philippi
2766 2537 3056 2601 beneficio
3087 2544 3369 2618 Myrleam
3419 2544 3496 2602 ab

349 2632 554 2691 uxoris
579 2630 816 2687 nomine
846 2631 1162 2704 Apameam
1203 2645 1464 2683 vocasse.
1497 2626 1589 2696 (L.
1621 2627 1755 2685 XII.
1784 2648 1845 2704 p.
1877 2648 1954 2683 m.
1986 2629 2141 2700 845.)
2180 2633 2343 2701 Qnae
2362 2627 2597 2704 quidem
2616 2630 2918 2706 peristasis
2936 2630 3108 2685 facile
3131 2651 3222 2688 me
3238 2630 3501 2699 adducit,

353 2737 428 2780 ut
453 2720 723 2788 credam,
761 2717 912 2776 hanc
940 2719 1127 2795 ipsam
1154 2715 1415 2791 Apamen
1447 2714 1628 2772 fuisse
1661 2715 1928 2793 Philippi
1956 2734 2253 2785 sororem3
2283 2736 2419 2774 nam
2452 2738 2582 2774 cum
2615 2730 2815 2775 narret
2842 2716 3142 2794 Polybius,
3178 2718 3246 2789 (l.
3271 2722 3354 2791 c.)
3370 2722 3502 2777 Phi-

350 2812 592 2889 lippum
618 2809 677 2864 in
716 2807 1019 2884 capiendis
1054 2804 1305 2862 urbibus
1345 2802 1450 2859 Cio
1487 2815 1546 2860 et
1581 2800 1804 2879 Myrlea
1841 2805 2056 2863 auxilio
2097 2806 2273 2877 fuisse
2311 2810 2570 2875 Prusiae,
2611 2826 2718 2866 suo
2757 2821 2882 2865 tum
2921 2804 3124 2881 adfini,
3160 2826 3219 2872 et
3265 2813 3501 2884 Strabo,

351 2899 642 2978 Mys-leam
679 2909 946 2957 vocatam
973 2896 1292 2972 Apameam
1323 2912 1394 2950 ex
1424 2893 1657 2951 nomine
1690 2913 1828 2952 suae
1857 2894 2071 2964 uxoris,
2101 2908 2267 2974 patet
2296 2914 2453 2968 sane,
2482 2899 2721 2956 Prusiae
2742 2917 2980 2956 uxorem
2998 2910 3122 2956 tum
3137 2900 3317 2959 fuisse
3336 2921 3501 2960 soro·

353 3011 484 3048 rem
510 2987 812 3065 Philippi,
851 3004 1091 3060 eamque
1128 2995 1397 3040 vocatam
1437 2989 1722 3061 Apamea.
1778 2982 2140 3042 Proeliehius
2159 2987 2433 3060 Apamen
2462 2985 2645 3046 filiam
2671 2988 2856 3046 Attali
2887 2989 2930 3046 1.
2962 2991 3305 3064 Pergameni
3346 2991 3506 3057 facit,

353 3079 578 3146 nescio,
606 3096 723 3150 quo
754 3087 1013 3133 auctore.
1029 3072 1193 3146 (Not.
1214 3071 1381 3130 elem.
1399 3079 1602 3145 p.193
1605 3074 1631 3142 )
1672 3073 1750 3131 At
1765 3073 2151 3132 Reineccius:
2193 3077 2420 3132 Habuit
2449 3079 2703 3134 Prusias
2734 3081 2797 3133 1⁸12
2830 3082 3216 3134 matrimonio
3232 3080 3505 3155 Apamea

350 3170 544 3241 Πίος)
561 3166 663 3220 llis
687 3165 766 3216 Tle
772 3164 1160 3235 rada-filiam,
1179 3169 1236 3215 et
1251 3163 1329 3218 Ν.
1340 3160 1543 3232 filiam
1560 3159 1830 3235 Philippi
1844 3166 2003 3236 regis
2039 3164 2461 3223 Macedoniae.
2499 3166 2761 3244 Lapsus'
2746 3187 2805 3222 in
2819 3166 2909 3225 his
2929 3169 3122 3227 verbis
3140 3168 3506 3228 manifestus.

350 3255 510 3313 Nam
537 3253 644 3312 etsi
673 3251 896 3319 demus,
927 3251 1165 3307 unicum
1197 3258 1420 3305 tantum
1452 3249 1629 3307 fuisse
1659 3252 1965 3328 Bithyniae
1991 3273 2190 3342 regern
2218 3253 2456 3313 nomine
2495 3256 2754 3325 Prusiae,
2782 3256 2947 3329 quod
2979 3256 3075 3315 ille
3103 3270 3383 3327 senserat,
3415 3270 3502 3314 ta-

353 3361 495 3402 men
522 3353 750 3400 certum
781 3352 869 3398 est
896 3360 968 3397 ex
994 3336 1127 3416 ipso
1158 3357 1355 3396 rerum
1389 3351 1681 3413 gestarum
1713 3340 1957 3409 ordine,
1999 3355 2066 3399 ut
2098 3360 2194 3398 eas
2225 3355 2502 3400 enarrant
2529 3345 2872 3421 Appianus,
2904 3357 2963 3402 et
2994 3343 3229 3414 Strabo,
3263 3345 3362 3416 (ll.
3386 3366 3451 3402 cc
3453 3349 3523 3416 )“

347 3430 745 3510 praecessisse
772 3427 1208 3487 matrimonium
1237 3444 1366 3481 cum
1386 3427 1579 3499 Phili}
1585 3428 1646 3528 pi
1662 3445 1885 3498 sorore,
1901 3443 2162 3488 secutum
2183 3431 2428 3488 alterum
2445 3451 2575 3489 cum
2590 3431 2876 3510 Diegyllis
2895 3432 3031 3502 filia,
3049 3452 3176 3489 nam
3194 3434 3347 3491 illud
3366 3454 3507 3510 per-

355 3535 560 3580 actum
587 3517 873 3594 Philippo
907 3516 1065 3584 vivo,
1102 3515 1353 3572 alterum
1400 3529 1574 3591 capto
1601 3517 1714 3589 jam
1745 3518 1978 3576 Perseo.
2017 3519 2281 3586 Accedit,
2312 3521 2579 3596 Apamen
2610 3539 2825 3578 nomen
2863 3520 3041 3577 fuisse
3076 3520 3402 3588 Graecum3
3449 3539 3512 3581 at

348 3610 515 3669 sicut
543 3606 829 3684 Diegyllis
854 3625 1070 3663 nomen
1099 3616 1187 3661 est
1212 3604 1531 3660 Thracium
1574 3603 1907 3676 barbarum,
1938 3606 2021 3662 sic
2051 3606 2300 3664 dubium
2329 3627 2452 3665 non
2482 3620 2588 3677 est,
2609 3599 2762 3663 filiae
2780 3627 3016 3685 quoque
3033 3610 3499 3687 appellationem

347 3698 626 3774 ejusdem
659 3696 839 3752 fuisse
870 3693 1105 3752 indolis.
1147 3693 1298 3752 Sane
1326 3693 1799 3750 Numulizinthin
1829 3695 2113 3771 Diegyllis
2141 3691 2319 3752 filiam
2351 3695 2557 3773 prodit
2584 3696 2855 3754 Valerius
2891 3700 3043 3755 Max.
3070 3699 3170 3770 (L.
3195 3700 3300 3758 lx.
3329 3720 3379 3755 c.
3412 3704 3503 3772 2.)

347 3785 696 3846 Secundum
711 3785 858 3841 haec
872 3804 1011 3862 ergo
1026 3796 1372 3861 argumenta
1388 3782 1672 3840 habemns
1690 3779 2062 3857 probabilem
2079 3785 2378 3841 Prusiael.
2397 3804 2636 3844 uxorem
2658 3785 3192 3865 ApamenPhilippi
3210 3787 3278 3846 V.
3300 3785 3501 3846 filiam.

346 3874 599 3934 Prusiae
644 3873 718 3928 ΙΙ.
768 3872 924 3930 duas
954 3873 1128 3930 fuisse
1175 3892 1408 3941 uxores,
1448 3884 1672 3928 centnm
1719 3883 1824 3941 est,
1867 3872 2128 3948 priorem
2172 3873 2555 3951 anonymam,
2591 3892 2851 3930 sororem
2879 3875 3078 3933 Persei
3105 3898 3175 3933 ex
3205 3877 3505 3955 Appiano,

350 3964 433 4032 (l.
466 3966 545 4033 c.)
577 3975 633 4020 et
663 3960 1342 4032 L1x10(L.XL11.12.>
1378 3960 1618 4017 alteram
1651 3958 1810 4016 idem
1843 3961 2153 4035 Appianas
2180 3962 2387 4038 paullo
2420 3962 2572 4019 iufra
2594 3962 2842 4020 obscure
2863 3962 3082 4020 indicat
3084 3969 3505 4046 ,cumDiegyl-

323 4054 442 4134 ‘lin
474 4037 756 4109 Thraciae
781 4068 977 4127 regem
1006 4048 1244 4107 Prusiae
1284 4043 1531 4122 κηδεςην
1561 4047 1844 4124 appellat.
1886 4047 2005 4106 Sed
2020 4047 2134 4106 hoc
2165 4049 2550 4109 vocabulum
2536 4065 2749 4109 iterum
2773 4050 3108 4121 molestum,
3125 4068 3182 4112 et
3198 4071 3505 4122 incertum

354 4160 438 4199 an
482 4158 655 4196 soce1
660 4159 756 4193 um
784 4138 959 4209 dicas,
993 4157 1066 4217 an
1095 4155 1391 4212 generum.
1427 4136 1585 4193 Intei
1591 4156 1727 4210 pres
1755 4136 2035 4193 editionis
2057 4137 2299 4195 Heniici
2328 4139 2634 4217 Stephani,
2673 4141 2835 4216 (pag.
2871 4143 3026 4213 174.)
3058 4155 3182 4199 tum
3201 4156 3260 4201 et
3280 4160 3511 4221 posu-e-

349 4250 492 4286 mus
522 4229 648 4303 ejus
675 4230 968 4301 interpres
995 4224 1585 4303 Schweighaeuserus
1617 4224 1774 4296 (Vol.
1805 4224 1849 4282 1.
1881 4226 1946 4282 P.
1976 4225 2051 4282 11.
2088 4248 2150 4303 p.
2182 4230 2343 4298 649.)
2377 4242 2618 4286 vertunt
2648 4246 2940 4298 socerum,
2966 4233 3035 4290 A.
3050 4229 3319 4291 Valesius
3338 4254 3510 4310 gene.—

354 4337 517 4375 rum.
557 4315 663 4385 (ad
691 4314 948 4371 Diodori
986 4337 1107 4373 exc.
1145 4315 1218 4375 T.
1245 4316 1321 4374 11.
1351 4335 1413 4392 p.
1445 4312 1683 4376 595.'ed.
1704 4313 1983 4386 Wess'el.)
2006 4314 2274 4372 Seundas
2300 4329 2492 4373 tamen
2507 4318 2744 4393 nuptias
2759 4330 2963 4394 aperte
2980 4317 3201 4379 indicat
3214 4324 3503 4381 Iustinus:

349 4409 458 4479 (L.
492 4405 768 4463 XXXIV.
787 4424 836 4460 c.
858 4403 943 4473 v.)
974 4403 1200 4459 Eodem
1207 4405 1357 4478 sere
1374 4414 1636 4478 tempore
1651 4404 1902 4457 Prusias
1921 4405 2240 4459 consulum
2258 4408 2421 4479 capit
2439 4407 2847 4478 interficiendi
2859 4408 3207 4464 Nicomedis
3206 4410 3354 4482 filii,
3369 4407 3512 4467 dum

347 4494 678 4552 consulere
708 4491 906 4547 studet
934 4490 1461 4562 minoribus-filim,
1490 4511 1643 4567 quos
1668 4510 1743 4566 ea·
1766 4512 2028 4550 noverca
2068 4495 2197 4567 esus
2225 4503 2590 4572 susceperat.
2635 4496 2720 4551 Ex
2756 4496 2851 4554 his
2881 4496 3113 4575 colligo,
3141 4500 3404 4558 Prusiam
3435 4503 3506 4560 Π.

351 4596 567 4641 natum
596 4603 664 4640 ex
691 4582 918 4658 Apame
948 4581 1213 4659 Philippi
1248 4601 1472 4652 sorore,
1513 4596 1578 4640 ut
1614 4582 1982 4649 avunculum,-
2003 4593 2126 4641 tum
2154 4595 2461 4661 potentem
2480 4584 2802 4662 impensius
2819 4586 3177 4658 observaret,
3205 4589 3508 4651 addidisse

2820 4685 3103 4744 Kkk2
