4575 5850
1095 630 1196 691 ‘88

1103 779 1206 844 bis
1237 779 1609 864 percussus.
1668 782 1743 842 In
1786 778 1915 844 hoc
1958 800 2038 843 ex
2084 794 2311 845 vetere
2369 780 2642 846 matrice

1105 893 1418 962 superant
1458 881 1694 944 literae
1733 880 2062 949 AMYNT.
2103 883 2385 966 scriptae
2424 880 2490 943 in
2538 901 2642 946 or-

965 978 972 983 ’
1106 980 1282 1045 bem.
1336 980 1691 1064 Reliquum
1735 995 1945 1045 totum
1995 995 2096 1044 est
2142 998 2305 1064 opus
2352 982 2639 1046 matricis

1105 1081 1500 1144 recentioris
1540 1124 1557 1156 ,
1616 1085 1961 1147 nimirums
2020 1076 2371 1144 ΠΕΡΔῙΚ
2397 1118 2423 1132 -
2451 1116 2481 1132 -
2511 1088 2639 1148 Leo

1101 1187 1410 1263 qradiem
1444 1227 1464 1259 ,
1535 1197 1606 1246 ut
1674 1186 1745 1245 in
1803 1203 2002 1247 numo
2063 1184 2281 1248 citato.
2371 1186 2641 1248 Certum

1105 1286 1349 1369 igitur,
1410 1286 1849 1369 praecessisse
1912 1290 2251 1367 Amyntam
2281 1331 2303 1363 ,
2346 1299 2641 1349 secutum

1101 1385 1511 1451 Perdiccam.
1553 1388 1739 1471 Ergo
1783 1388 1838 1449 si
1865 1409 2098 1451 numus
2132 1388 2239 1451 hic
2276 1401 2453 1450 esset
2484 1390 2647 1449 Per-

1111 1489 1334 1550 diccae
1362 1491 1467 1559 11..
1497 1506 1769 1551 necesse
1801 1490 2001 1566 foret,
2022 1491 2286 1553 nomine
2308 1480 2639 1551 AMYNT.

1108 1590 1390 1672 intelligi
1444 1592 1779 1669 Amyntam
1832 1595 1906 1664 1..
1968 1591 2086 1652 sed
2132 1590 2315 1672 cujus
2358 1610 2490 1652 non
2535 1608 2645 1651 ex-

1109 1702 1279 1752 stant
1311 1690 1511 1755 numi.
1559 1693 1718 1752 Cum
1757 1711 1922 1775 ergo
1968 1713 2208 1755 nomen
2252 1692 2424 1754 illud
2456 1704 2641 1754 certo

1109 1792 1191 1851 sit
1222 1793 1539 1873 Amyntae
1572 1793 1685 1868 11.‚·
1725 1793 2162 1881 posteriorem
2185 1837 2201 1868 ,
2239 1806 2433 1874 atque
2478 1789 2643 1856 adeo

1107 1893 1397 1954 tertium.

1193 1994 1554 2063 Praetereo
1641 2016 1873 2059 numos
1960 1992 2210 2056 Goltzii
2294 1993 2642 2077 inscriptos

1110 2087 1669 2160 ΠΕΡΔῙΚΚΟΤ.
1691 2095 1824 2157 'vel
1854 2089 2393 2162 ΒΛΣΙΑΕΩΣ.
2429 2090 2645 2155 ΠΕΡ-

1113 2191 1455 2254 ΔῙΚΚΟΤ
1478 2239 1492 2268 ,
1527 2196 1595 2256 in
1633 2195 1868 2280 quibus
1897 2217 2027 2259 non
2056 2196 2253 2259 modo
2283 2195 2644 2280 epigraphe

1111 2289 1653 2357 nEPmKKor
1695 2318 1819 2378 pro
1868 2292 2531 2371 nEPA1KKA‚sed
2579 2280 2649 2359 ει·

1107 2394 1338 2454 titulus
1370 2390 1877 2458 ΒΑΣΙΛΕΩΣ
1912 2396 2282 2464 offendunt..

1107 2498 1247 2557 AR.
1286 2499 1526 2558 RRRR.
1563 2498 1708 2559 ΑΕ.
1741 2501 1816 2560 R.

1864 2598 1906 2633 Q

1188 2696 1651 2763 P111L1PPVS
1706 2640 1790 2762 If.
1831 2645 2069 2762 tertissis
2111 2702 2426 2782 Amyntae
2458 2700 2542 2764 11.
2572 2696 2645 2761 fi·

1108 2797 1270 2872 lius,
1318 2798 1401 2862 de
1446 2818 1577 2882 quo
1621 2799 1814 2863 infra.

1291 2978 1613 3054 Amyntae
1656 2977 1747 3040 ΙΙ.
1787 2977 1917 3055 filii
1960 2994 2045 3040 ea·
2080 2978 2474 3041 GYGAEA.

1192 3110 1719 3179 ARCHELAVS
1771 3116 1873 3191 11.,
1917 3116 2445 3191 ARCHIDEVS‚
2494 3118 2644 3178 ΜΕ-

1111 3214 1464 3281 NELAVS
1493 3257 1510 3289 ‚
1571 3231 1797 3277 omnes
1851 3236 1896 3277 .a
1939 3213 2146 3279 fratre
2210 3217 2516 3302 Philippo
2564 3217 2643 3279 11.

1116 3331 1351 3379 eversi.
1989 3321 1998 3334 '

1253 3476 1575 3552 Amyntae
1612 3447 1705 3536 1'1.
1757 3475 1938 3553 filius
1982 3496 2067 3538 ea,-
2119 3477 2495 3538 concubina.

1198 3612 1796 3681 PTOLEMAEVS
1858 3614 2070 3677 dictus
2109 3619 2396 3678 Aloritae
2427 3659 2445 3691 ,
2505 3615 2655 3698 quia

1117 3716 1287 3792 apud
1349 3713 1622 3776 Alorum
1691 3714 2002 3797 oppidum
2043 3730 2251 3788 natus.
2318 3714 2455 3778 Sub
2503 3714 2656 3778 Ale·

1118 3811 1380 3875 xandro.
1462 3817 1544 3880 11.
1627 3814 1835 3877 fratre
1907 3836 2188 3900 regnum
2258 3814 2653 3901 aliquamdiu

1120 3911 1527 3979 administrat
1556 3959 1574 3991 ,
1617 3916 1913 4000 illudque
1957 3917 2086 3980 hoc
2130 3931 2390 3979 mortuo
2440 3904 2650 4002 ipsum

1121 4011 1471 4075 triennium
1516 4019 1781 4083 retinet.
1825 4019 1887 4078 A
1928 4017 2136 4082 fratre
2171 4017 2490 4083 Perdicca
2540 4022 2655 4085 111.

1124 4132 1164 4174 e
1200 4114 1417 4177 medio
1453 4117 1725 4184 tollitur.

1209 4213 1370 4295 Ejus
1445 4240 1710 4283 numum
1786 4220 2144 4298 Goltzius,
2209 4220 2335 4283 sed·
2409 4221 2659 4296 unicus,

1129 4323 1337 4377 totum
1384 4319 1587 4382 moris
1637 4321 2093 4399 Macedonici,
2158 4324 2482 4405 vulgavit:
2546 4325 2660 4385 Ca-

1045 4440 1052 4448 ·
1121 4427 1243 4496 put
1288 4421 1613 4490 Herculis..
1638 4419 1686 4481 ae
1723 4420 2386 4491 nTOAEMAlo‘r.
2421 4419 2664 4485 ΑΛΩ-

1997 605 2386 682 REGES
2485 605 3331 686 MACEDONIAE.
3366 629 3384 644 ·

2714 779 3140 864 cognomina,
3183 778 3309 842 nisi
3340 754 3757 863 honorifica„
3780 776 3933 845 addi
3974 779 4234 867 regibus

2712 903 3039 966 nunquam
3072 900 3505 948 consuevere.

3113 1040 3689 1103 PHILIPPVS
3737 1040 3829 1102 11.

2802 1180 3099 1256 Tertius,
3163 1191 3234 1241 ut
3276 1176 3559 1255 dictum,
3617 1181 3937 1260 Amyntae
3982 1180 4062 1242 Π.
4128 1173 4251 1239 fili-

2715 1272 2823 1346 usss
2872 1279 3091 1344 Obses
3130 1301 3187 1353 ,a
3251 1279 3581 1344 Thebanis
3621 1280 3879 1366 juvenis
3924 1277 4243 1352 detentus,

2715 1381 2834 1446 sed
2881 1381 3057 1467 quod
3103 1380 3312 1464 ipsum
3362 1382 3466 1444 illi
3507 1380 3592 1444 ad
3636 1382 3920 1444 futuram
3975 1379 4245 1465 gloriam

2716 1484 3010 1568 profuit,
3072 1482 3250 1569 quod
3305 1495 3442 1545 tum
3505 1484 3584 1546 ab
3653 1478 4108 1567 Epaminonda
4154 1477 4245 1559 ‚ad

2713 1587 2990 1649 virtutes
3076 1599 3146 1648 et
3217 1585 3384 1647 belli
3452 1586 3793 1649 scientiam
3864 1582 4245 1647 informatus

2712 1687 2859 1751 fuit.
2960 1690 3227 1749 Mortuo
3306 1685 3509 1748 fratre
3582 1684 3904 1749 Perdicca
3968 1699 4246 1765 regnum

2713 1788 2849 1852 adit
2905 1788 2987 1854 V.
3057 1787 3129 1848 C.
3190 1787 3353 1870 395,
3410 1786 3709 1872 illudque
3770 1783 3959 1850 victis
4016 1778 4248 1848 vicinis

2712 1887 2976 1975 populis
3021 1908 3138 1950 seu
3170 1882 3450 1962 stabilit,
3495 1910 3613 1952 seu
3655 1884 4027 1973 amplificat.
4074 1887 4247 1948 Dum

2716 1990 3036 2056 incautius
3081 1987 3147 2051 in
3190 1987 3538 2054 Methones
3589 1989 3909 2054 Thraciae
3972 1985 4252 2050 obsidio·

2716 2112 2800 2155 no
2862 2106 3158 2167 versatur
3187 2135 3204 2167 ,
3268 2093 3530 2155 oculum
3591 2092 3828 2156 amittit
3886 2088 4122 2174 sagitta
4177 2085 4252 2149 ab

2691 2197 2952 2258 .Astere
3002 2192 3280 2278 quedam
3329 2214 3697 2259 excussum.
3737 2193 3992 2276 Majora
4038 2188 4254 2253 subin·

2719 2296 2804 2358 de
2890 2293 3140 2377 agitans
3224 2297 3425 2358 urbes
3502 2293 3910 2359 Chalcidicas
3984 2287 4251 2365 invadit,

2719 2410 3102 2483 captamque
3149 2396 3507 2479 Olynthum
3570 2395 3829 2460 evertit.
3914 2393 4115 2456 Bello
4165 2412 4253 2452 sa·

2718 2519 2833 2563 cro
2897 2512 3124 2561 contra
3191 2496 3574 2580 Phocenses
3650 2495 3883 2580 templi
3942 2490 4253 2575 Delphici

2716 2598 3085 2685 praedones
3147 2597 3445 2664 feliciter
3503 2598 3808 2664 confecto
3852 2616 4155 2678 magnam
4197 2607 4260 2655 et

2716 2699 2977 2785 pietatis
3043 2712 3109 2762 et
3166 2700 3573 2765 fortitudinis
3628 2698 3893 2763 laudem
3953 2696 4038 2761 ab
4084 2693 4254 2760 omni

2718 2800 2996 2864 Graecia
3065 2802 3336 2888 aufert,
3415 2804 3482 2865 in
3552 2802 3836 2866 sanctius
3907 2811 4259 2884 propterea

2720 2901 3275 2986 Amphictyonum
3311 2905 3661 2968 concilium
3712 2902 4055 2969 admissus.
4101 2904 4257 2963 Tam

2720 3001 2929 3067 subita
2974 3022 3058 3066 ex
3103 3003 3320 3068 vicino
3361 3006 3800 3082 incrementa,
3859 3001 4257 3092 ethraeco·

2717 3127 2862 3169 rum
2915 3105 3204 3169 lihertati
3242 3105 3500 3169 inimica
3540 3121 3614 3170 ut
3660 3106 4143 3192 reprimerent,
4186 3097 4265 3162 8⁴1

2719 3226 2792 3269 se
2834 3209 3173 3292 pertinere
3216 3209 3344 3270 rati
3398 3208 3872 3283 Athenienses,
3928 3206 4263 3267 hortatore

2721 3308 3100 3392 cumprimis
3185 3292 3683 3394 Demosthenes
3717 3329 3896 3372 arma
3970 3315 4261 3375 sumunt,

2722 3407 2843 3472 sed
2895 3409 3051 3472 victi
3099 3409 3177 3473 ad
3225 3412 3673 3474 Chaeroneam
3727 3401 4000 3494 gratiam
4048 3419 4263 3468 tamen

2725 3533 2763 3574 a
2811 3512 3063 3576 victore
3109 3510 3427 3576 obtinent.
3493 3513 3959 3577 Consentiente
3992 3503 4267 3568 Graecia

2728 3613 2859 3675 dux
2928 3612 3273 3676 adversum
3337 3617 3573 3676 Persas
3635 3613 3933 3677 Corinthi
4009 3617 4265 3671 creatus

2725 3713 3100 3798 praemissis
3156 3714 3315 3796 jam.
3356 3714 3424 3775 in
3475 3717 3692 3778 Asiam
3742 3711 3952 3798 copiis
4008 3710 4082 3772 in
4137 3725 4267 3772 me·

2728 3813 2835 3876 dio
2903 3813 3326 3878 victoriarum
3403 3829 3473 3877 et
3544 3815 3878 3879 felicitatis
3935 3833 4137 3879 cursu
4199 3810 4265 3871 in

2725 3913 2969 3998 nuptiis
3027 3915 3414 3999 Cleopatrae
3474 3912 3650 3977 filiae
3707 3938 3744 3977 a
3798 3915 4115 3977 Pausania
4172 3934 4263 3975 sa-

2729 4017 2941 4080 tellite
3009 4015 3333 4079 occiditur
3402 4015 3486 4085 V.
3560 4016 3632 4076 C.
3700 4017 3846 4090 [μδ.
3924 4016 4038 4078 IX.
4116 4015 4262 4079 Kal.

2728 4119 2929 4184 Febr.
2989 4139 3157 4181 anno
3217 4116 3409 4201 regni
3465 4117 3673 4183 XXV.
3729 4117 3958 4181 aetatis
3998 4115 4262 4186 vatr.

2729 4221 2916 4283 Haec
2950 4219 3342 4304 compendio
3380 4237 3463 4280 ex
3495 4216 3877 4281 Reineccio.
4146 4287 4159 4292 ,

2815 4320 2969 4384 Fuit
3024 4321 3333 4404 princeps
3390 4318 3690 4381 omnibus
3750 4317 3914 4381 belli
3955 4318 4262 4403 pacisque

2733 4423 2979 4485 artibus
3041 4441 3329 4496 summus
3366 4465 3383 4498 ‚
3436 4434 3573 4484 tum
3635 4418 4008 4503 eloquentia
4042 4461 4061 4492 ‚
4121 4416 4272 4482 arti·

1133 4512 1310 4579 PIT.
1355 4524 1579 4609 Equus
1629 4529 1804 4587 s‘ntra
1851 4528 2254 4607 quadratum.
2304 4523 2441 4586 AR.
2498 4525 2665 4586 Esse
2732 4523 2986 4605 busque
3037 4522 3447 4604 elegantibus
3493 4516 3732 4584 exin‘tie
3763 4534 4142 4606 praestans,
4182 4525 4269 4581 a't·

1101 4615 1526 4698 confictum,
1597 4625 1708 4692 vel
1778 4623 1933 4689 inde
2003 4626 2157 4691 satis
2229 4637 2465 4714 patet„
2513 4623 2665 4709 quia
2735 4644 2864 4712 que
2922 4624 3100 4689 inter
3141 4644 3379 4691 omnes
3416 4622 3845 4687 Macedoniae
3887 4638 4091 4705 reges
4136 4636 4269 4682 uno
