4575 5850
1125 526 1265 590 228

1105 1002 1192 1066 po
1267 977 1497 1062 capitis
1570 977 1947 1049 Minervae,
2019 977 2086 1040 hi
2145 980 2325 1040 numi
2405 981 2654 1045 Cranae

1108 1083 1365 1146 Atticae
1441 1092 1861 1162 competent,
1923 1081 2520 1168 quomodocunque
2585 1102 2655 1141 το

1037 1231 1062 1256 ,
1107 1180 1328 1250 ΑΘΗ.
1387 1181 1718 1264 explicare
1785 1180 2008 1254 voles3
2073 1201 2220 1243 nam
2280 1174 2413 1246 non
2458 1182 2652 1245 audio

1107 1284 1528 1351 Vaillantium
1618 1281 2010 1344 docentem
2098 1287 2170 1344 in
2252 1289 2371 1347 hoc
2431 1279 2650 1351 ΑΘΗ.

1105 1387 1470 1459 Αθηναιῳν,
1541 1389 1714 1469 quod
1782 1388 2001 1446 Cranii
2064 1387 2507 1464 cephalleniae
2561 1409 2657 1449 es·

1102 1499 1243 1551 sent
1292 1490 1772 1549 Atheniensium
1812 1488 2028 1549 coloni
2075 1482 2156 1562 k).
2244 1486 2650 1570 Oportuerat

1101 1587 1462 1653 sententiae
1540 1584 1732 1666 hujus
1812 1586 2096 1669 aliquem
2169 1609 2251 1649 ex
2317 1588 2648 1670 veteribus

1101 1705 1437 1752 auctorem
1490 1687 1718 1751 citare.
1793 1687 1864 1749 Si
1908 1705 2072 1772 ergo
2114 1689 2178 1748 hi
2231 1689 2414 1749 numi
2460 1710 2646 1752 reve·

1099 1816 1170 1854 ra
1241 1791 1322 1854 ad
1377 1789 1724 1862 Helenen,
1807 1787 1910 1850 vel
1965 1791 2254 1851 Cranaen
2324 1807 2640 1874 spectant,

1033 1885 1042 1888 ’
1099 1894 1356 1956 videtur
1416 1889 1654 1953 incolis
1713 1889 2029 1952 vetustius
2072 1892 2356 1953 Cranaes
2401 1912 2641 1955 nomen

1099 2014 1256 2079 prae
1312 1989 1685 2055 recentiore
1734 1987 2027 2050 Helenes
2057 1993 2499 2074 Augustorum
2540 2014 2643 2056 ae-

1098 2112 1231 2159 tate
1291 2092 1650 2179 placuisse,
1728 2103 1798 2153 ut
1844 2090 2168 2153 Edesseni
2213 2093 2640 2157 Macedoniae

1098 2217 1341 2260 nomen
1382 2193 1664 2259 Edessae
1715 2215 1753 2253 a
1802 2190 2052 2267 Carano
2102 2193 2169 2253 in
2207 2197 2423 2279 Aegas
2463 2216 2640 2259 com.

1099 2314 1382 2363 mutatae
1419 2295 1540 2358 sub
1573 2295 1884 2378 Augustis
1920 2293 2420 2361 resuscitavere.

1093 2408 1237 2467 ΑΕ.
1291 2404 1478 2464 mm.

1527 2568 1584 2627 S
1628 2569 1692 2628 A
1729 2568 1783 2626 1,
1827 2570 1894 2628 Α
1933 2568 2082 2628 M]
2119 2567 2193 2627 S.

1065 2729 1080 2746 =
1179 2709 1236 2766 E
1301 2701 1576 2783 regione
1630 2701 1991 2776 Eleusinis,
2038 2699 2502 2777 Aeacidarum,
2546 2715 2637 2764 at-

1094 2826 1221 2893 que
1279 2807 1454 2868 inter
1514 2805 1632 2866 hos
1696 2789 2124 2866 illustrissimi
2185 2796 2397 2883 Aiacis
2447 2803 2637 2866 Tela-

1097 2909 1300 2973 monii
1370 2906 1616 2990 patria,
1693 2919 1902 2968 mater
1960 2903 2305 2966 Salaminis
2355 2905 2634 2989 Cypriae

1092 3035 1125 3072 a
1164 3016 1426 3072 Teucro
1460 3007 1672 3090 Aiacis
1705 3006 1909 3069 fratre
1947 3003 2345 3080 aedificatae,
2388 3018 2451 3068 at
2497 3006 2636 3067 lon-

2273 505 3149 584 ATTICA.

1113 681 1182 741 hi
1231 675 1409 741 numi
1455 674 1672 755 potius
1715 671 1976 736 suntad
2013 674 2306 740 Cranaen
2356 678 2659 763 aliquam.

1116 785 1200 843 At
1265 798 1411 842 cum
1478 776 1543 836 in
1611 793 1807 837 numo
1865 773 2188 837 Otaciliae
2249 779 2422 864 apud
2487 779 2659 846 Van.

1111 880 1386 946 lantium
1419 878 1681 959 legatur
1705 872 2244 945 KPANAIQN.
2297 875 2513 946 ΑΘΗ.
2565 894 2659 962 ty.

2748 749 2757 758 ‚
2818 683 3247 742 Antonomum
3298 677 3426 740 huc
3485 678 3698 743 refert
3732 678 4097 744 -Combius=
4160 684 4273 745 Ca-

2720 789 2845 858 put
2897 781 3079 842 benis
3124 800 3272 846 eum
3309 782 3568 860 infulis.
3615 779 3661 840 ae
3717 773 3870 843 ΣΑ.
3904 787 4084 847 nuno
4134 787 4271 847 alio

2728 890 2875 961 typo
2926 881 3066 944 ΔΕ.
3119 880 3202 944 ΙΙ.
3249 880 3595 962 (Hunter.)
3639 881 3921 962 judicio,
3979 898 4053 948 ut
4094 902 4269 960 reor,

2726 981 3025 1058 incerto,
3072 999 3220 1044 cum
3269 995 3366 1047 tot
3430 983 3688 1045 urbium
3732 983 3996 1048 nomina
4038 984 4119 1047 ab
4166 984 4267 1047 bis

2728 1082 2939 1145 literis
2982 1081 3315 1164 incipiant.

2815 1185 3028 1265 Saepe
3094 1184 3479 1250 hortabatur
3531 1187 3780 1249 animus
3841 1186 3970 1249 huc
4028 1205 4268 1252 vocare

2727 1297 3108 1347 autonomos
3192 1285 3384 1350 binos
3465 1301 3816 1370 argenteos
3896 1287 4267 1372 perantiqui

2725 1385 2982 1470 operis,
3047 1386 3397 1472 inscriptos
3445 1383 4112 1462 ΣΑΛΑΜΙΝΙΟΝ,
4173 1401 4267 1469 ty-

2721 1486 2824 1570 pis
2854 1489 3070 1564 navis,
3118 1490 3346 1573 eapitis
3391 1485 3754 1553 fel'cornu
3801 1487 4058 1562 bovini,
4101 1488 4267 1551 arie-

2722 1589 2835 1664 tis,
2895 1610 3061 1673 quos
3118 1611 3152 1650 a
3211 1609 3283 1651 se
3339 1581 3641 1673 vulgatos
3697 1590 4095 1662 Pellerinius
4153 1592 4267 1652 Sa·

2715 1690 2941 1752 lamini
2987 1689 3186 1773 Cypri
3231 1687 3529 1768 donavit,
3574 1703 3637 1751 et
3667 1692 3810 1773 ipse
3844 1692 3912 1753 in
3968 1691 4091 1754 hac
4135 1691 4265 1754 lar·

2717 1791 2860 1875 gius
2927 1787 3320 1858 describam.
3410 1792 3496 1852 Et
3551 1789 3749 1855 fuere
3802 1806 4083 1878 praesto·
4114 1813 4262 1857 cau-

2715 1911 2823 1955 sae
2863 1891 3275 1974 complures,
3311 1891 3562 1955 insulae
3590 1907 3854 1956 nostrae
3892 1893 4260 1977 antiquitas,

2716 2006 2782 2054 et
2825 1992 3082 2056 illustre
3131 2005 3415 2066 nomen,
3460 1994 3838 2058 adumbrata
3871 1996 4259 2079 typo.navis

2712 2112 2821 2154 res
2869 2093 3120 2157 nautica
3142 2138 3160 2170 ‚
3210 2089 3336 2181 q⁰ua
3363 2092 3456 2158 sic
3484 2096 3865 2159 excelluere
3898 2097 4259 2172 Salaminii,

2713 2209 2819 2268 ut,
2878 2184 3370 2260 cum'Bacchus
3417 2195 3583 2279 apud
3627 2196 4138 2283 Aristophanem
4185 2219 4258 2260 se

2712 2295 2915 2361 vellet
2963 2292 3441 2373 &Saxam-rma»,
3487 2303 3690 2361 maris
3730 2304 4060 2381 {quas-mn,
4102 2318 4258 2382 pro·

2707 2394 2920 2471 fiteri,
2990 2394 3390 2479 ἅσαλαμιιηον
3444 2420 3591 2463 sese
3668 2397 3921 2464 diceret
3977 2395 4045 2471 ι).
4148 2401 4259 2462 Ad-

2708 2495 2871 2561 haec
2945 2512 3167 2583 typum
3244 2501 3465 2564 arietis
3525 2499 3725 2564 offert
3784 2500 3977 2564 etiam
4041 2501 4253 2564 vicina

2710 2600 2983 2684 Aegina.
3033 2600 3336 2678 Accedit,
3392 2604 3446 2664 si
3489 2605 3654 2666 hanc
3700 2602 4091 2668 Saraminem
4136 2603 4255 2684 de-

2708 2721 2880 2778 mas,
2945 2701 3009 2763 in
3067 2704 3243 2766 nulla
3300 2702 3425 2766 alia
3479 2704 3735 2767 urbium
3782 2705 4012 2787 Cypri,
4072 2704 4252 2789 quod

2706 2799 3022 2866 haetenus
3066 2819 3357 2880 constet,
3402 2824 3635 2869 numos
3665 2818 4059 2869 autonomos
4090 2803 4251 2867 fuis·

2709 2924 2779 2966 se
2827 2904 3135 2987 signatos.
3225 2906 3468 2970 Tamen
3519 2926 3727 2988 cogor
3756 2904 4067 2969 adsentiri
4095 2903 4249 2966 Pel·

2708 3003 2946 3068 lerinio
2989 3006 3095 3070 vel
3150 3007 3235 3068 ob
3278 3007 3444 3070 hanc
3497 3030 3688 3070 unam
3738 3027 4019 3081 causam,
4067 3007 4247 3087 quod

1091 3132 1173 3193 ge
1205 3106 1644 3173 celeberrima
1681 3106 2144 3170 Themistoclis
2177 3103 2259 3167 de
2297 3107 2517 3169 Persis
2542 3108 2634 3170 vi·
2701 3120 3050 3189 utrumque
3096 3107 3272 3171 hunc
3306 3128 3589 3174 ‘numum
3641 3108 3766 3173 sibi
3810 3110 4028 3191 Cypro
4070 3105 4246 3170 adla·
4320 3134 4327 3138 ·

1091 3215 1300 3277 ctoria
1352 3208 1584 3274 navali.

2704 3221 2841 3270 tum
2890 3220 3183 3273 testatur.

1962 3551 3357 3626 PELOPONNESVS.

1089 3805 1518 3889 Peninsula
1497 3836 1564 3879 sn
1603 3815 1829 3907 plures
1860 3814 2170 3896 regiones
2204 3812 2446 3891 divisa,
2477 3814 2627 3878 illu·

2699 3814 2852 3898 gine
2920 3815 3278 3898 insignem,
3361 3824 3663 3876 testatum
3724 3814 4059 3901 reliquere
4118 3834 4241 3878 φο

1088 3919 1320 3982 atrium
1352 3917 1743 4001 populorum
1775 3915 2014 3998 patria,
2057 3937 2221 4000 quos
2249 3935 2381 3978 non
2412 3915 2624 3979 mi'nus
2698 3929 2914 3991 teres,
2975 3930 3043 3979 et
3088 3915 3352 4001 quidem
3401 3913 3640 3976 Pollux
3686 3915 3829 3998 ejus
3861 3916 4076 4002 gentis
4119 3937 4243 3978 nu-

1085 4019 1252 4083 fides
1321 4018 1665 4090 historica,
1725 4037 1916 4100 quam
1962 4014 2334 4083 fabularum
2382 4017 2623 4099 inclyta
2697 4038 2839 4080 mos
2896 4015 3106 4081 dictos
3164 4019 3476 4102 χελωνας,
3535 4021 3918 4091 testudines,

2692 4138 2920 4203 pressa
2979 4119 3121 4202 ejus
3176 4112 3471 4182 animalis
3551 4114 3761 4200 figura
3835 4117 4062 4194 docet,
4143 4140 4235 4182 ex

1089 4120 1403 4184 memoria
1444 4119 2012 4184 commendavere:

3976 4038 4059 4080 ΒΣ
4118 4039 4238 4079 lm·-

1168 4220 1668 4306 Peloponnesiis
1714 4220 1782 4282 in
1814 4238 2062 4304 genere
2090 4218 2431 4306 propriam
2466 4219 2623 4283 fnis-
2693 4240 2825 4304 quo
2867 4236 2969 4285 ort
2974 4242 3085 4283 nm
3127 4220 3463 4304 adagium·
3525 4223 3821 4283 virtutem
3859 4230 3927 4283 et
3979 4225 4236 4298 sapim

1088 4346 1158 4388 se
1219 4337 1581 4399 monetam,
1640 4335 1706 4384 et
1755 4320 2017 4406 quidem
2065 4322 2411 4387 testudinis
2448 4322 2623 4387 ima·
2690 4327 2852 4385 tiam
2904 4326 3169 4386 vincunt
3201 4324 3548 4386 testudines
3590 4321 3698 4404 ¹¹²).
3757 4318 3869 4384 Sic
3914 4334 3982 4385 et
4021 4320 4233 4402 Hesy-

1313 4534 1380 4607 Β)
1415 4533 1839 4601 Num..Grasc.
1862 4554 1928 4613 p·
1960 4543 2084 4601 199.

2266 4534 2315 4607 ι)
2353 4536 2416 4593 in
2439 4533 2624 4593 Rau-:³
2650 4551 2711 4591 v.
2742 4537 2891 4631 206.-

2668 5788 3009 5805 ,,,,,

3023 4533 3105 4605 m)
3143 4531 3210 4591 L.
3247 4530 3350 4593 lx.
3389 4530 3436 4603 ς.
3467 4535 3557 4596 74.
