<?xml version="1.0" encoding="UTF-8"?>
<!DOCTYPE html PUBLIC "-//W3C//DTD XHTML 1.0 Transitional//EN"
    "http://www.w3.org/TR/xhtml1/DTD/xhtml1-transitional.dtd">
<html xmlns="http://www.w3.org/1999/xhtml" xml:lang="en" lang="en">
 <head>
  <title>
</title>
<meta http-equiv="Content-Type" content="text/html;charset=utf-8" />
  <meta name='ocr-system' content='tesseract 3.04.00' />
  <meta name='ocr-capabilities' content='ocr_page ocr_carea ocr_par ocr_line ocrx_word'/>
</head>
<body>
  <div class='ocr_page' id='page_1' title='image "./doctrinanumorum08unkngoog_0189.png"; bbox 0 0 4575 5850; ppageno 0'>
   <div class='ocr_carea' id='block_1_1' title="bbox 1045 456 2661 540">
    <p class='ocr_par' dir='ltr' id='par_1_1' title="bbox 1045 456 2661 540">
     <span class='ocr_line' id='line_1_1' title="bbox 1045 456 2661 540; baseline 0.012 -20"><span class='ocrx_word' id='word_1_1' title='bbox 1045 484 1210 521; x_wconf 59' lang='lat' dir='ltr'><strong>f,</strong></span> <span class='ocrx_word' id='word_1_2' title='bbox 1543 456 2661 540; x_wconf 72' lang='lat' dir='ltr'><strong>CORCY·R,A...</strong></span> 
     </span>
    </p>
   </div>
   <div class='ocr_carea' id='block_1_2' title="bbox 513 624 2051 817">
    <p class='ocr_par' dir='ltr' id='par_1_2' title="bbox 513 624 2048 812">
     <span class='ocr_line' id='line_1_2' title="bbox 518 624 2048 709; baseline -0.003 -16"><span class='ocrx_word' id='word_1_3' title='bbox 518 629 659 693; x_wconf 83' lang='lat' dir='ltr'><strong>ciac</strong></span> <span class='ocrx_word' id='word_1_4' title='bbox 750 645 866 691; x_wconf 87' lang='lat' dir='ltr'><strong>eos</strong></span> <span class='ocrx_word' id='word_1_5' title='bbox 954 624 1271 709; x_wconf 82' lang='lat' dir='ltr'><strong>gloriatos</strong></span> <span class='ocrx_word' id='word_1_6' title='bbox 1350 624 1683 706; x_wconf 78' lang='lat' dir='ltr'><strong>norimus,</strong></span> <span class='ocrx_word' id='word_1_7' title='bbox 1792 647 1864 693; x_wconf 90' lang='lat' dir='ltr'><strong>se</strong></span> <span class='ocrx_word' id='word_1_8' title='bbox 1920 625 2048 690; x_wconf 91' lang='lat' dir='ltr'><strong>·ab</strong></span> 
     </span>
     <span class='ocr_line' id='line_1_3' title="bbox 513 727 2051 817; baseline 0.003 -27"><span class='ocrx_word' id='word_1_9' title='bbox 513 727 794 792; x_wconf 81' lang='lat' dir='ltr'><strong>Alcinoo</strong></span> <span class='ocrx_word' id='word_1_10' title='bbox 850 742 919 791; x_wconf 87' lang='lat' dir='ltr'><strong>et</strong></span> <span class='ocrx_word' id='word_1_11' title='bbox 971 728 1376 793; x_wconf 68' lang='lat' dir='ltr'><strong>Phaeacibus</strong></span> <span class='ocrx_word' id='word_1_12' title='bbox 1436 749 1645 812; x_wconf 82' lang='lat' dir='ltr'><strong>genua</strong></span> <span class='ocrx_word' id='word_1_13' title='bbox 1705 749 1892 817; x_wconf 79' lang='lat' dir='ltr'><strong>suum</strong></span> <span class='ocrx_word' id='word_1_14' title='bbox 1940 729 2051 795; x_wconf 89' lang='lat' dir='ltr'><strong>de-</strong></span> 
     </span>
    </p>
   </div>
   <div class='ocr_carea' id='block_1_3' title="bbox 3519 478 3681 573">
    <p class='ocr_par' dir='ltr' id='par_1_3' title="bbox 3519 478 3681 573">
     <span class='ocr_line' id='line_1_4' title="bbox 3519 478 3681 573; baseline 0 -33"><span class='ocrx_word' id='word_1_15' title='bbox 3519 478 3681 573; x_wconf 59' lang='grc' dir='ltr'><strong>ιω</strong></span> 
     </span>
    </p>
   </div>
   <div class='ocr_carea' id='block_1_4' title="bbox 2119 625 3665 815">
    <p class='ocr_par' dir='ltr' id='par_1_4' title="bbox 2119 625 3665 815">
     <span class='ocr_line' id='line_1_5' title="bbox 2120 625 3665 713; baseline -0.001 -21"><span class='ocrx_word' id='word_1_16' title='bbox 2120 626 2467 692; x_wconf 80' lang='lat' dir='ltr'><strong>victoriam</strong></span> <span class='ocrx_word' id='word_1_17' title='bbox 2496 627 2579 690; x_wconf 88' lang='lat' dir='ltr'><strong>de</strong></span> <span class='ocrx_word' id='word_1_18' title='bbox 2608 625 3170 713; x_wconf 77' lang='lat' dir='ltr'><strong>Pseudophilippo</strong></span> <span class='ocrx_word' id='word_1_19' title='bbox 3203 626 3665 701; x_wconf 72' lang='lat' dir='ltr'><strong>indicantibus.</strong></span> 
     </span>
     <span class='ocr_line' id='line_1_6' title="bbox 2119 727 3665 815; baseline 0.002 -24"><span class='ocrx_word' id='word_1_20' title='bbox 2119 729 2194 791; x_wconf 88' lang='lat' dir='ltr'><strong>In</strong></span> <span class='ocrx_word' id='word_1_21' title='bbox 2226 728 2672 812; x_wconf 81' lang='lat' dir='ltr'><strong>symbolorum</strong></span> <span class='ocrx_word' id='word_1_22' title='bbox 2697 749 2860 792; x_wconf 72' lang='lat' dir='ltr'><strong>veno</strong></span> <span class='ocrx_word' id='word_1_23' title='bbox 2898 727 3371 810; x_wconf 68' lang='lat' dir='ltr'><strong>compositione</strong></span> <span class='ocrx_word' id='word_1_24' title='bbox 3404 742 3528 793; x_wconf 87' lang='lat' dir='ltr'><strong>tam</strong></span> <span class='ocrx_word' id='word_1_25' title='bbox 3555 754 3665 815; x_wconf 86' lang='lat' dir='ltr'><strong>pa·</strong></span> 
     </span>
    </p>
   </div>
   <div class='ocr_carea' id='block_1_5' title="bbox 511 828 3669 921">
    <p class='ocr_par' dir='ltr' id='par_1_5' title="bbox 511 828 3669 921">
     <span class='ocr_line' id='line_1_7' title="bbox 511 828 3669 921; baseline 0.001 -29"><span class='ocrx_word' id='word_1_26' title='bbox 511 829 769 906; x_wconf 87' lang='lat' dir='ltr'><strong>rivare,</strong></span> <span class='ocrx_word' id='word_1_27' title='bbox 833 828 917 891; x_wconf 89' lang='lat' dir='ltr'><strong>de</strong></span> <span class='ocrx_word' id='word_1_28' title='bbox 975 850 1105 914; x_wconf 83' lang='lat' dir='ltr'><strong>quo</strong></span> <span class='ocrx_word' id='word_1_29' title='bbox 1159 828 1456 921; x_wconf 81' lang='lat' dir='ltr'><strong>pluribus</strong></span> <span class='ocrx_word' id='word_1_30' title='bbox 1510 851 1696 916; x_wconf 81' lang='lat' dir='ltr'><strong>agam</strong></span> <span class='ocrx_word' id='word_1_31' title='bbox 1755 829 1928 894; x_wconf 86' lang='lat' dir='ltr'><strong>infra</strong></span> <span class='ocrx_word' id='word_1_32' title='bbox 1979 832 2048 893; x_wconf 90' lang='lat' dir='ltr'><strong>in</strong></span> <span class='ocrx_word' id='word_1_33' title='bbox 2117 852 2267 895; x_wconf 88' lang='lat' dir='ltr'><strong>rum</strong></span> <span class='ocrx_word' id='word_1_34' title='bbox 2312 831 2571 897; x_wconf 81' lang='lat' dir='ltr'><strong>veritati</strong></span> <span class='ocrx_word' id='word_1_35' title='bbox 2608 830 2892 893; x_wconf 80' lang='lat' dir='ltr'><strong>intendit</strong></span> <span class='ocrx_word' id='word_1_36' title='bbox 2933 829 3299 914; x_wconf 78' lang='lat' dir='ltr'><strong>antiquitas,</strong></span> <span class='ocrx_word' id='word_1_37' title='bbox 3333 852 3523 914; x_wconf 86' lang='lat' dir='ltr'><strong>quam</strong></span> <span class='ocrx_word' id='word_1_38' title='bbox 3556 856 3669 917; x_wconf 87' lang='lat' dir='ltr'><strong>pa·</strong></span> 
     </span>
    </p>
   </div>
   <div class='ocr_carea' id='block_1_6' title="bbox 508 930 2052 1120">
    <p class='ocr_par' dir='ltr' id='par_1_6' title="bbox 508 930 2052 1120">
     <span class='ocr_line' id='line_1_8' title="bbox 508 930 2050 1018; baseline 0.002 -26"><span class='ocrx_word' id='word_1_39' title='bbox 508 931 724 993; x_wconf 79' lang='lat' dir='ltr'><strong>numia</strong></span> <span class='ocrx_word' id='word_1_40' title='bbox 778 932 1187 996; x_wconf 87' lang='lat' dir='ltr'><strong>coloniarum</strong></span> <span class='ocrx_word' id='word_1_41' title='bbox 1235 930 1558 1002; x_wconf 69' lang='lat' dir='ltr'><strong>Corinthi.</strong></span> <span class='ocrx_word' id='word_1_42' title='bbox 1639 933 1723 995; x_wconf 84' lang='lat' dir='ltr'><strong>At</strong></span> <span class='ocrx_word' id='word_1_43' title='bbox 1779 931 2050 1018; x_wconf 82' lang='lat' dir='ltr'><strong>quadra·</strong></span> 
     </span>
     <span class='ocr_line' id='line_1_9' title="bbox 511 1032 2052 1120; baseline 0 -23"><span class='ocrx_word' id='word_1_44' title='bbox 511 1048 649 1097; x_wconf 80' lang='lat' dir='ltr'><strong>tum</strong></span> <span class='ocrx_word' id='word_1_45' title='bbox 709 1032 918 1109; x_wconf 85' lang='lat' dir='ltr'><strong>istud,</strong></span> <span class='ocrx_word' id='word_1_46' title='bbox 995 1032 1206 1117; x_wconf 83' lang='lat' dir='ltr'><strong>ajunt,</strong></span> <span class='ocrx_word' id='word_1_47' title='bbox 1288 1035 1401 1120; x_wconf 80' lang='lat' dir='ltr'><strong>qui</strong></span> <span class='ocrx_word' id='word_1_48' title='bbox 1480 1055 1516 1096; x_wconf 87' lang='lat' dir='ltr'><strong>a</strong></span> <span class='ocrx_word' id='word_1_49' title='bbox 1582 1034 2052 1116; x_wconf 86' lang='lat' dir='ltr'><strong>Barthelemyo</strong></span> 
     </span>
    </p>
   </div>
   <div class='ocr_carea' id='block_1_7' title="bbox 508 1133 2056 1212">
    <p class='ocr_par' dir='ltr' id='par_1_7' title="bbox 508 1133 2056 1212">
     <span class='ocr_line' id='line_1_10' title="bbox 508 1133 2056 1212; baseline 0.001 -17"><span class='ocrx_word' id='word_1_50' title='bbox 508 1146 715 1209; x_wconf 80' lang='lat' dir='ltr'><strong>stant,</strong></span> <span class='ocrx_word' id='word_1_51' title='bbox 770 1134 839 1195; x_wconf 89' lang='lat' dir='ltr'><strong>in</strong></span> <span class='ocrx_word' id='word_1_52' title='bbox 903 1133 1121 1196; x_wconf 78' lang='lat' dir='ltr'><strong>numia</strong></span> <span class='ocrx_word' id='word_1_53' title='bbox 1179 1134 1324 1197; x_wconf 85' lang='lat' dir='ltr'><strong>aliis</strong></span> <span class='ocrx_word' id='word_1_54' title='bbox 1350 1180 1369 1212; x_wconf 95' lang='lat'>‚</span> <span class='ocrx_word' id='word_1_55' title='bbox 1428 1154 1554 1198; x_wconf 90' lang='lat' dir='ltr'><strong>ceu</strong></span> <span class='ocrx_word' id='word_1_56' title='bbox 1597 1136 1666 1197; x_wconf 91' lang='lat' dir='ltr'><strong>in</strong></span> <span class='ocrx_word' id='word_1_57' title='bbox 1705 1140 1794 1199; x_wconf 89' lang='grc' dir='ltr'><strong>Π.</strong></span> <span class='ocrx_word' id='word_1_58' title='bbox 1839 1156 1922 1199; x_wconf 84' lang='lat' dir='ltr'><strong>ex</strong></span> <span class='ocrx_word' id='word_1_59' title='bbox 1965 1135 2056 1199; x_wconf 91' lang='lat' dir='ltr'><strong>ci·</strong></span> 
     </span>
    </p>
   </div>
   <div class='ocr_carea' id='block_1_8' title="bbox 508 1234 2054 1313">
    <p class='ocr_par' dir='ltr' id='par_1_8' title="bbox 508 1234 2054 1313">
     <span class='ocr_line' id='line_1_11' title="bbox 508 1234 2054 1313; baseline -0.001 -15"><span class='ocrx_word' id='word_1_60' title='bbox 508 1235 732 1312; x_wconf 54' lang='lat' dir='ltr'><strong>tatia?</strong></span> <span class='ocrx_word' id='word_1_61' title='bbox 777 1246 879 1297; x_wconf 79' lang='lat' dir='ltr'><strong>est</strong></span> <span class='ocrx_word' id='word_1_62' title='bbox 958 1234 1215 1300; x_wconf 84' lang='lat' dir='ltr'><strong>formae</strong></span> <span class='ocrx_word' id='word_1_63' title='bbox 1286 1234 1647 1313; x_wconf 74' lang='lat' dir='ltr'><strong>rotundae,</strong></span> <span class='ocrx_word' id='word_1_64' title='bbox 1720 1250 1788 1301; x_wconf 88' lang='lat' dir='ltr'><strong>et</strong></span> <span class='ocrx_word' id='word_1_65' title='bbox 1849 1238 2054 1301; x_wconf 91' lang='lat' dir='ltr'><strong>instar</strong></span> 
     </span>
    </p>
   </div>
   <div class='ocr_carea' id='block_1_9' title="bbox 511 1334 2056 1421">
    <p class='ocr_par' dir='ltr' id='par_1_9' title="bbox 511 1334 2056 1421">
     <span class='ocr_line' id='line_1_12' title="bbox 511 1334 2056 1421; baseline 0.005 -26"><span class='ocrx_word' id='word_1_66' title='bbox 511 1334 699 1408; x_wconf 85' lang='lat' dir='ltr'><strong>astri,</strong></span> <span class='ocrx_word' id='word_1_67' title='bbox 760 1350 829 1398; x_wconf 91' lang='lat' dir='ltr'><strong>et</strong></span> <span class='ocrx_word' id='word_1_68' title='bbox 886 1337 1164 1398; x_wconf 89' lang='lat' dir='ltr'><strong>multum</strong></span> <span class='ocrx_word' id='word_1_69' title='bbox 1224 1334 1543 1402; x_wconf 84' lang='lat' dir='ltr'><strong>abludens</strong></span> <span class='ocrx_word' id='word_1_70' title='bbox 1587 1362 1622 1403; x_wconf 89' lang='lat' dir='ltr'><strong>a</strong></span> <span class='ocrx_word' id='word_1_71' title='bbox 1667 1336 2056 1421; x_wconf 87' lang='lat' dir='ltr'><strong>descriptio-</strong></span> 
     </span>
    </p>
   </div>
   <div class='ocr_carea' id='block_1_10' title="bbox 507 1435 2052 1729">
    <p class='ocr_par' dir='ltr' id='par_1_10' title="bbox 507 1435 2052 1729">
     <span class='ocr_line' id='line_1_13' title="bbox 510 1435 2052 1526; baseline 0.003 -29"><span class='ocrx_word' id='word_1_72' title='bbox 510 1456 598 1498; x_wconf 89' lang='lat' dir='ltr'><strong>ne</strong></span> <span class='ocrx_word' id='word_1_73' title='bbox 635 1435 1017 1505; x_wconf 86' lang='lat' dir='ltr'><strong>Homerica.</strong></span> <span class='ocrx_word' id='word_1_74' title='bbox 1105 1436 1229 1520; x_wconf 80' lang='lat' dir='ltr'><strong>Ajo</strong></span> <span class='ocrx_word' id='word_1_75' title='bbox 1287 1457 1446 1522; x_wconf 82' lang='lat' dir='ltr'><strong>ego,</strong></span> <span class='ocrx_word' id='word_1_76' title='bbox 1509 1459 1658 1502; x_wconf 88' lang='lat' dir='ltr'><strong>eam</strong></span> <span class='ocrx_word' id='word_1_77' title='bbox 1700 1439 2052 1526; x_wconf 79' lang='lat' dir='ltr'><strong>imaginem</strong></span> 
     </span>
     <span class='ocr_line' id='line_1_14' title="bbox 509 1543 2047 1622; baseline 0.002 -17"><span class='ocrx_word' id='word_1_78' title='bbox 509 1561 643 1605; x_wconf 91' lang='lat' dir='ltr'><strong>non</strong></span> <span class='ocrx_word' id='word_1_79' title='bbox 700 1562 850 1607; x_wconf 80' lang='lat' dir='ltr'><strong>esse</strong></span> <span class='ocrx_word' id='word_1_80' title='bbox 907 1543 1113 1606; x_wconf 79' lang='lat' dir='ltr'><strong>instar</strong></span> <span class='ocrx_word' id='word_1_81' title='bbox 1167 1543 1362 1622; x_wconf 87' lang='lat' dir='ltr'><strong>astri,</strong></span> <span class='ocrx_word' id='word_1_82' title='bbox 1423 1547 1542 1608; x_wconf 83' lang='lat' dir='ltr'><strong>sed</strong></span> <span class='ocrx_word' id='word_1_83' title='bbox 1599 1568 1745 1614; x_wconf 82' lang='lat' dir='ltr'><strong>esse</strong></span> <span class='ocrx_word' id='word_1_84' title='bbox 1803 1562 2047 1610; x_wconf 86' lang='lat' dir='ltr'><strong>astrum</strong></span> 
     </span>
     <span class='ocr_line' id='line_1_15' title="bbox 507 1635 2050 1729; baseline 0.002 -23"><span class='ocrx_word' id='word_1_85' title='bbox 507 1646 765 1729; x_wconf 84' lang='lat' dir='ltr'><strong>ipsum,</strong></span> <span class='ocrx_word' id='word_1_86' title='bbox 853 1663 1183 1729; x_wconf 81' lang='lat' dir='ltr'><strong>unumque</strong></span> <span class='ocrx_word' id='word_1_87' title='bbox 1223 1635 1226 1638; x_wconf 43' lang='grc'>’</span> <span class='ocrx_word' id='word_1_88' title='bbox 1267 1663 1352 1708; x_wconf 82' lang='lat' dir='ltr'><strong>ex</strong></span> <span class='ocrx_word' id='word_1_89' title='bbox 1438 1646 1754 1728; x_wconf 78' lang='lat' dir='ltr'><strong>symbolis</strong></span> <span class='ocrx_word' id='word_1_90' title='bbox 1827 1646 2050 1724; x_wconf 87' lang='lat' dir='ltr'><strong>certis,</strong></span> 
     </span>
    </p>
   </div>
   <div class='ocr_carea' id='block_1_11' title="bbox 510 1744 2055 1932">
    <p class='ocr_par' dir='ltr' id='par_1_11' title="bbox 510 1744 2055 1932">
     <span class='ocr_line' id='line_1_16' title="bbox 511 1744 2055 1830; baseline 0.004 -24"><span class='ocrx_word' id='word_1_91' title='bbox 511 1764 675 1828; x_wconf 88' lang='lat' dir='ltr'><strong>quae</strong></span> <span class='ocrx_word' id='word_1_92' title='bbox 736 1744 862 1806; x_wconf 87' lang='lat' dir='ltr'><strong>sibi</strong></span> <span class='ocrx_word' id='word_1_93' title='bbox 923 1745 1262 1810; x_wconf 77' lang='lat' dir='ltr'><strong>adscivere</strong></span> <span class='ocrx_word' id='word_1_94' title='bbox 1310 1747 1790 1830; x_wconf 82' lang='lat' dir='ltr'><strong>Corcyrenses,</strong></span> <span class='ocrx_word' id='word_1_95' title='bbox 1835 1761 1907 1812; x_wconf 86' lang='lat' dir='ltr'><strong>ut</strong></span> <span class='ocrx_word' id='word_1_96' title='bbox 1945 1770 2055 1811; x_wconf 82' lang='lat' dir='ltr'><strong>su-</strong></span> 
     </span>
     <span class='ocr_line' id='line_1_17' title="bbox 510 1844 2055 1932; baseline 0.003 -24"><span class='ocrx_word' id='word_1_97' title='bbox 510 1868 625 1929; x_wconf 87' lang='lat' dir='ltr'><strong>pra</strong></span> <span class='ocrx_word' id='word_1_98' title='bbox 689 1844 859 1920; x_wconf 85' lang='lat' dir='ltr'><strong>dixi,</strong></span> <span class='ocrx_word' id='word_1_99' title='bbox 918 1861 1113 1932; x_wconf 83' lang='lat' dir='ltr'><strong>atque</strong></span> <span class='ocrx_word' id='word_1_100' title='bbox 1171 1847 1368 1910; x_wconf 88' lang='lat' dir='ltr'><strong>etiam</strong></span> <span class='ocrx_word' id='word_1_101' title='bbox 1424 1861 1498 1910; x_wconf 86' lang='lat' dir='ltr'><strong>ut</strong></span> <span class='ocrx_word' id='word_1_102' title='bbox 1558 1847 1773 1911; x_wconf 88' lang='lat' dir='ltr'><strong>forma</strong></span> <span class='ocrx_word' id='word_1_103' title='bbox 1828 1848 1895 1910; x_wconf 90' lang='lat' dir='ltr'><strong>in</strong></span> <span class='ocrx_word' id='word_1_104' title='bbox 1941 1848 2055 1912; x_wconf 87' lang='lat' dir='ltr'><strong>ali-</strong></span> 
     </span>
    </p>
   </div>
   <div class='ocr_carea' id='block_1_12' title="bbox 507 1945 2054 2031">
    <p class='ocr_par' dir='ltr' id='par_1_12' title="bbox 507 1945 2054 2031">
     <span class='ocr_line' id='line_1_18' title="bbox 507 1945 2054 2031; baseline 0.003 -23"><span class='ocrx_word' id='word_1_105' title='bbox 507 1946 744 2031; x_wconf 86' lang='lat' dir='ltr'><strong>quibus</strong></span> <span class='ocrx_word' id='word_1_106' title='bbox 801 1945 980 2017; x_wconf 81' lang='lat' dir='ltr'><strong>foret</strong></span> <span class='ocrx_word' id='word_1_107' title='bbox 1037 1947 1357 2025; x_wconf 83' lang='lat' dir='ltr'><strong>rotunda,</strong></span> <span class='ocrx_word' id='word_1_108' title='bbox 1415 1969 1497 2013; x_wconf 84' lang='lat' dir='ltr'><strong>an</strong></span> <span class='ocrx_word' id='word_1_109' title='bbox 1563 1948 1694 2011; x_wconf 84' lang='lat' dir='ltr'><strong>non</strong></span> <span class='ocrx_word' id='word_1_110' title='bbox 1757 1962 1824 2012; x_wconf 90' lang='lat' dir='ltr'><strong>et</strong></span> <span class='ocrx_word' id='word_1_111' title='bbox 1885 1947 2054 2013; x_wconf 87' lang='lat' dir='ltr'><strong>Cno-</strong></span> 
     </span>
    </p>
   </div>
   <div class='ocr_carea' id='block_1_13' title="bbox 508 2046 2106 2135">
    <p class='ocr_par' dir='ltr' id='par_1_13' title="bbox 508 2046 2106 2135">
     <span class='ocr_line' id='line_1_19' title="bbox 508 2046 2106 2135; baseline -0.003 -25"><span class='ocrx_word' id='word_1_112' title='bbox 508 2047 564 2110; x_wconf 75' lang='lat' dir='ltr'><strong>si</strong></span> <span class='ocrx_word' id='word_1_113' title='bbox 610 2046 1056 2129; x_wconf 81' lang='lat' dir='ltr'><strong>labyrinthum</strong></span> <span class='ocrx_word' id='word_1_114' title='bbox 1097 2049 1228 2132; x_wconf 89' lang='lat' dir='ltr'><strong>jam</strong></span> <span class='ocrx_word' id='word_1_115' title='bbox 1277 2048 1609 2135; x_wconf 86' lang='lat' dir='ltr'><strong>quadrata,</strong></span> <span class='ocrx_word' id='word_1_116' title='bbox 1652 2049 1780 2135; x_wconf 83' lang='lat' dir='ltr'><strong>jam</strong></span> <span class='ocrx_word' id='word_1_117' title='bbox 1831 2063 2106 2111; x_wconf 76' lang='lat' dir='ltr'><strong>rotun·..</strong></span> 
     </span>
    </p>
   </div>
   <div class='ocr_carea' id='block_1_14' title="bbox 508 2146 2052 2235">
    <p class='ocr_par' dir='ltr' id='par_1_14' title="bbox 508 2146 2052 2235">
     <span class='ocr_line' id='line_1_20' title="bbox 508 2146 2052 2235; baseline 0.001 -25"><span class='ocrx_word' id='word_1_118' title='bbox 508 2147 628 2223; x_wconf 84' lang='lat' dir='ltr'><strong>da,</strong></span> <span class='ocrx_word' id='word_1_119' title='bbox 667 2146 800 2232; x_wconf 87' lang='lat' dir='ltr'><strong>jam</strong></span> <span class='ocrx_word' id='word_1_120' title='bbox 846 2161 1142 2214; x_wconf 86' lang='lat' dir='ltr'><strong>tortuosa</strong></span> <span class='ocrx_word' id='word_1_121' title='bbox 1188 2149 1256 2209; x_wconf 89' lang='lat' dir='ltr'><strong>in</strong></span> <span class='ocrx_word' id='word_1_122' title='bbox 1301 2149 1516 2210; x_wconf 88' lang='lat' dir='ltr'><strong>numis</strong></span> <span class='ocrx_word' id='word_1_123' title='bbox 1560 2149 1774 2212; x_wconf 86' lang='lat' dir='ltr'><strong>forma</strong></span> <span class='ocrx_word' id='word_1_124' title='bbox 1803 2151 2052 2235; x_wconf 87' lang='lat' dir='ltr'><strong>pictum</strong></span> 
     </span>
    </p>
   </div>
   <div class='ocr_carea' id='block_1_15' title="bbox 501 2248 2055 2345">
    <p class='ocr_par' dir='ltr' id='par_1_15' title="bbox 501 2248 2055 2345">
     <span class='ocr_line' id='line_1_21' title="bbox 501 2248 2055 2345; baseline 0 -32"><span class='ocrx_word' id='word_1_125' title='bbox 501 2248 875 2313; x_wconf 77' lang='lat' dir='ltr'><strong>habemus?</strong></span> <span class='ocrx_word' id='word_1_126' title='bbox 972 2250 1061 2313; x_wconf 82' lang='lat' dir='ltr'><strong>At</strong></span> <span class='ocrx_word' id='word_1_127' title='bbox 1113 2268 1349 2345; x_wconf 68' lang='lat' dir='ltr'><strong>numus</strong></span> <span class='ocrx_word' id='word_1_128' title='bbox 1407 2250 1800 2334; x_wconf 80' lang='lat' dir='ltr'><strong>Apolloniae</strong></span> <span class='ocrx_word' id='word_1_129' title='bbox 1858 2255 2055 2334; x_wconf 81' lang='lat' dir='ltr'><strong>Nym-</strong></span> 
     </span>
    </p>
   </div>
   <div class='ocr_carea' id='block_1_16' title="bbox 499 2350 2052 2436">
    <p class='ocr_par' dir='ltr' id='par_1_16' title="bbox 499 2350 2052 2436">
     <span class='ocr_line' id='line_1_22' title="bbox 499 2350 2052 2436; baseline 0.003 -25"><span class='ocrx_word' id='word_1_130' title='bbox 499 2350 788 2434; x_wconf 87' lang='lat' dir='ltr'><strong>phaeum</strong></span> <span class='ocrx_word' id='word_1_131' title='bbox 846 2351 1082 2414; x_wconf 85' lang='lat' dir='ltr'><strong>ardens</strong></span> <span class='ocrx_word' id='word_1_132' title='bbox 1146 2351 1461 2436; x_wconf 84' lang='lat' dir='ltr'><strong>quadrato</strong></span> <span class='ocrx_word' id='word_1_133' title='bbox 1522 2352 1675 2416; x_wconf 86' lang='lat' dir='ltr'><strong>huic</strong></span> <span class='ocrx_word' id='word_1_134' title='bbox 1746 2351 2052 2415; x_wconf 82' lang='lat' dir='ltr'><strong>in&#39;cludit.</strong></span> 
     </span>
    </p>
   </div>
   <div class='ocr_carea' id='block_1_17' title="bbox 501 2447 2057 2543">
    <p class='ocr_par' dir='ltr' id='par_1_17' title="bbox 501 2447 2057 2543">
     <span class='ocr_line' id='line_1_23' title="bbox 501 2447 2057 2543; baseline 0.001 -30"><span class='ocrx_word' id='word_1_135' title='bbox 501 2447 674 2543; x_wconf 79' lang='lat' dir='ltr'><strong>Quis</strong></span> <span class='ocrx_word' id='word_1_136' title='bbox 701 2472 864 2519; x_wconf 74' lang='lat' dir='ltr'><strong>vero</strong></span> <span class='ocrx_word' id='word_1_137' title='bbox 897 2449 1220 2535; x_wconf 68' lang='lat' dir='ltr'><strong>artificem</strong></span> <span class='ocrx_word' id='word_1_138' title='bbox 1254 2465 1380 2525; x_wconf 81' lang='lat' dir='ltr'><strong>tam</strong></span> <span class='ocrx_word' id='word_1_139' title='bbox 1419 2452 1708 2538; x_wconf 90' lang='lat' dir='ltr'><strong>ineptum</strong></span> <span class='ocrx_word' id='word_1_140' title='bbox 1750 2452 1876 2515; x_wconf 89' lang='lat' dir='ltr'><strong>sibi</strong></span> <span class='ocrx_word' id='word_1_141' title='bbox 1903 2472 2057 2537; x_wconf 77' lang='lat' dir='ltr'><strong>pet·</strong></span> 
     </span>
    </p>
   </div>
   <div class='ocr_carea' id='block_1_18' title="bbox 497 2549 2052 2651">
    <p class='ocr_par' dir='ltr' id='par_1_18' title="bbox 497 2549 2052 2651">
     <span class='ocr_line' id='line_1_24' title="bbox 497 2549 2052 2651; baseline 0 -36"><span class='ocrx_word' id='word_1_142' title='bbox 497 2549 811 2629; x_wconf 88' lang='lat' dir='ltr'><strong>suadeat,</strong></span> <span class='ocrx_word' id='word_1_143' title='bbox 856 2552 969 2638; x_wconf 89' lang='lat' dir='ltr'><strong>qui</strong></span> <span class='ocrx_word' id='word_1_144' title='bbox 1011 2567 1302 2621; x_wconf 85' lang='lat' dir='ltr'><strong>montem</strong></span> <span class='ocrx_word' id='word_1_145' title='bbox 1355 2553 1759 2651; x_wconf 80' lang='lat' dir='ltr'><strong>ignivomum</strong></span> <span class='ocrx_word' id='word_1_146' title='bbox 1793 2553 2052 2617; x_wconf 84' lang='lat' dir='ltr'><strong>Alcinoi</strong></span> 
     </span>
    </p>
   </div>
   <div class='ocr_carea' id='block_1_19' title="bbox 499 2650 2108 2839">
    <p class='ocr_par' dir='ltr' id='par_1_19' title="bbox 499 2650 2108 2839">
     <span class='ocr_line' id='line_1_25' title="bbox 499 2650 2086 2757; baseline -0.001 -42"><span class='ocrx_word' id='word_1_147' title='bbox 499 2652 718 2717; x_wconf 85' lang='lat' dir='ltr'><strong>hortis</strong></span> <span class='ocrx_word' id='word_1_148' title='bbox 756 2650 1190 2737; x_wconf 78' lang='lat' dir='ltr'><strong>imposuerit?</strong></span> <span class='ocrx_word' id='word_1_149' title='bbox 1231 2654 1580 2757; x_wconf 87' lang='lat' dir='ltr'><strong>Nimirum,</strong></span> <span class='ocrx_word' id='word_1_150' title='bbox 1609 2655 1736 2738; x_wconf 88' lang='lat' dir='ltr'><strong>ajo,</strong></span> <span class='ocrx_word' id='word_1_151' title='bbox 1771 2667 1836 2716; x_wconf 91' lang='lat' dir='ltr'><strong>et</strong></span> <span class='ocrx_word' id='word_1_152' title='bbox 1870 2656 2086 2736; x_wconf 88' lang='lat' dir='ltr'><strong>inep·.</strong></span> 
     </span>
     <span class='ocr_line' id='line_1_26' title="bbox 504 2753 2108 2839; baseline 0 -22"><span class='ocrx_word' id='word_1_153' title='bbox 504 2768 611 2817; x_wconf 86' lang='lat' dir='ltr'><strong>tus</strong></span> <span class='ocrx_word' id='word_1_154' title='bbox 639 2753 697 2816; x_wconf 88' lang='lat' dir='ltr'><strong>is</strong></span> <span class='ocrx_word' id='word_1_155' title='bbox 723 2753 980 2833; x_wconf 83' lang='lat' dir='ltr'><strong>artifex,</strong></span> <span class='ocrx_word' id='word_1_156' title='bbox 1008 2755 1119 2839; x_wconf 91' lang='lat' dir='ltr'><strong>qui</strong></span> <span class='ocrx_word' id='word_1_157' title='bbox 1151 2769 1359 2820; x_wconf 89' lang='lat' dir='ltr'><strong>totum</strong></span> <span class='ocrx_word' id='word_1_158' title='bbox 1398 2768 1684 2818; x_wconf 91' lang='lat' dir='ltr'><strong>montem</strong></span> <span class='ocrx_word' id='word_1_159' title='bbox 1719 2759 2050 2838; x_wconf 80' lang='lat' dir='ltr'><strong>Argaeum</strong></span> <span class='ocrx_word' id='word_1_160' title='bbox 2099 2768 2108 2785; x_wconf 80' lang='grc'><strong>’</strong></span> 
     </span>
    </p>
   </div>
   <div class='ocr_carea' id='block_1_20' title="bbox 499 2857 2051 3044">
    <p class='ocr_par' dir='ltr' id='par_1_20' title="bbox 499 2857 2051 3044">
     <span class='ocr_line' id='line_1_27' title="bbox 499 2857 2051 2943; baseline -0.001 -22"><span class='ocrx_word' id='word_1_161' title='bbox 499 2857 702 2943; x_wconf 76' lang='lat' dir='ltr'><strong>capiti</strong></span> <span class='ocrx_word' id='word_1_162' title='bbox 744 2857 924 2942; x_wconf 81' lang='lat' dir='ltr'><strong>genii</strong></span> <span class='ocrx_word' id='word_1_163' title='bbox 967 2857 1328 2921; x_wconf 76' lang='lat' dir='ltr'><strong>Caesareae</strong></span> <span class='ocrx_word' id='word_1_164' title='bbox 1363 2857 1862 2943; x_wconf 77' lang='lat' dir='ltr'><strong>Cappadociae</strong></span> <span class='ocrx_word' id='word_1_165' title='bbox 1844 2877 2051 2942; x_wconf 78' lang='lat' dir='ltr'><strong>tmpo-</strong></span> 
     </span>
     <span class='ocr_line' id='line_1_28' title="bbox 499 2944 2049 3044; baseline 0.001 -22"><span class='ocrx_word' id='word_1_166' title='bbox 499 2960 656 3023; x_wconf 85' lang='lat' dir='ltr'><strong>suit.</strong></span> <span class='ocrx_word' id='word_1_167' title='bbox 701 2958 775 3021; x_wconf 83' lang='lat' dir='ltr'><strong>si</strong></span> <span class='ocrx_word' id='word_1_168' title='bbox 807 2957 963 3043; x_wconf 87' lang='lat' dir='ltr'><strong>quid</strong></span> <span class='ocrx_word' id='word_1_169' title='bbox 995 2944 1212 3039; x_wconf 84' lang='lat' dir='ltr'><strong>video,</strong></span> <span class='ocrx_word' id='word_1_170' title='bbox 1245 2945 1645 3025; x_wconf 82' lang='lat' dir='ltr'><strong>monetarius</strong></span> <span class='ocrx_word' id='word_1_171' title='bbox 1675 2960 2049 3044; x_wconf 84' lang='lat' dir='ltr'><strong>Apollonia-</strong></span> 
     </span>
    </p>
   </div>
   <div class='ocr_carea' id='block_1_21' title="bbox 384 3055 2046 3146">
    <p class='ocr_par' dir='ltr' id='par_1_21' title="bbox 384 3055 2046 3146">
     <span class='ocr_line' id='line_1_29' title="bbox 384 3055 2046 3146; baseline -0.002 -19"><span class='ocrx_word' id='word_1_172' title='bbox 384 3055 408 3074; x_wconf 63' lang='lat'><strong>*</strong></span> <span class='ocrx_word' id='word_1_173' title='bbox 501 3077 604 3127; x_wconf 78' lang='lat' dir='ltr'><strong>tes</strong></span> <span class='ocrx_word' id='word_1_174' title='bbox 649 3060 859 3146; x_wconf 80' lang='lat' dir='ltr'><strong>voluit</strong></span> <span class='ocrx_word' id='word_1_175' title='bbox 899 3059 1308 3142; x_wconf 83' lang='lat' dir='ltr'><strong>conjungere</strong></span> <span class='ocrx_word' id='word_1_176' title='bbox 1354 3075 1422 3124; x_wconf 93' lang='lat' dir='ltr'><strong>et</strong></span> <span class='ocrx_word' id='word_1_177' title='bbox 1463 3059 1834 3144; x_wconf 87' lang='lat' dir='ltr'><strong>symbolum</strong></span> <span class='ocrx_word' id='word_1_178' title='bbox 1866 3058 2046 3123; x_wconf 89' lang='lat' dir='ltr'><strong>urbis</strong></span> 
     </span>
    </p>
   </div>
   <div class='ocr_carea' id='block_1_22' title="bbox 495 3160 2048 3452">
    <p class='ocr_par' dir='ltr' id='par_1_22' title="bbox 495 3160 2048 3452">
     <span class='ocr_line' id='line_1_30' title="bbox 495 3160 2047 3248; baseline 0.001 -23"><span class='ocrx_word' id='word_1_179' title='bbox 495 3165 843 3248; x_wconf 86' lang='lat' dir='ltr'><strong>proprium</strong></span> <span class='ocrx_word' id='word_1_180' title='bbox 888 3161 1382 3245; x_wconf 82' lang='lat' dir='ltr'><strong>Nymphaeum,</strong></span> <span class='ocrx_word' id='word_1_181' title='bbox 1444 3176 1512 3225; x_wconf 87' lang='lat' dir='ltr'><strong>et</strong></span> <span class='ocrx_word' id='word_1_182' title='bbox 1556 3160 1834 3225; x_wconf 88' lang='lat' dir='ltr'><strong>alterum</strong></span> <span class='ocrx_word' id='word_1_183' title='bbox 1888 3163 2047 3227; x_wconf 87' lang='lat' dir='ltr'><strong>Cor·</strong></span> 
     </span>
     <span class='ocr_line' id='line_1_31' title="bbox 500 3260 2048 3348; baseline -0.001 -20"><span class='ocrx_word' id='word_1_184' title='bbox 500 3283 656 3348; x_wconf 71' lang='lat' dir='ltr'><strong>cyra</strong></span> <span class='ocrx_word' id='word_1_185' title='bbox 721 3260 1078 3346; x_wconf 84' lang='lat' dir='ltr'><strong>metropoli</strong></span> <span class='ocrx_word' id='word_1_186' title='bbox 1134 3273 1453 3346; x_wconf 75' lang='lat' dir='ltr'><strong>tractum,</strong></span> <span class='ocrx_word' id='word_1_187' title='bbox 1537 3265 1771 3329; x_wconf 88' lang='lat' dir='ltr'><strong>eodem</strong></span> <span class='ocrx_word' id='word_1_188' title='bbox 1825 3263 2048 3337; x_wconf 81' lang='lat' dir='ltr'><strong>modo,</strong></span> 
     </span>
     <span class='ocr_line' id='line_1_32' title="bbox 503 3361 2048 3452; baseline -0.001 -23"><span class='ocrx_word' id='word_1_189' title='bbox 503 3385 636 3452; x_wconf 83' lang='lat' dir='ltr'><strong>quo</strong></span> <span class='ocrx_word' id='word_1_190' title='bbox 665 3363 988 3440; x_wconf 77' lang='lat' dir='ltr'><strong>videmus,</strong></span> <span class='ocrx_word' id='word_1_191' title='bbox 1018 3361 1085 3424; x_wconf 92' lang='lat' dir='ltr'><strong>in</strong></span> <span class='ocrx_word' id='word_1_192' title='bbox 1114 3384 1313 3427; x_wconf 90' lang='lat' dir='ltr'><strong>numo</strong></span> <span class='ocrx_word' id='word_1_193' title='bbox 1343 3384 1429 3427; x_wconf 79' lang='lat' dir='ltr'><strong>ex</strong></span> <span class='ocrx_word' id='word_1_194' title='bbox 1457 3364 1669 3427; x_wconf 67' lang='lat' dir='ltr'><strong>citatis</strong></span> <span class='ocrx_word' id='word_1_195' title='bbox 1686 3365 1802 3434; x_wconf 83' lang='lat' dir='ltr'><strong>lv.</strong></span> <span class='ocrx_word' id='word_1_196' title='bbox 1834 3366 2048 3448; x_wconf 88' lang='lat' dir='ltr'><strong>plera·</strong></span> 
     </span>
    </p>
   </div>
   <div class='ocr_carea' id='block_1_23' title="bbox 499 3463 2094 3552">
    <p class='ocr_par' dir='ltr' id='par_1_23' title="bbox 499 3463 2094 3552">
     <span class='ocr_line' id='line_1_33' title="bbox 499 3463 2094 3552; baseline 0.003 -24"><span class='ocrx_word' id='word_1_197' title='bbox 499 3484 630 3552; x_wconf 86' lang='lat' dir='ltr'><strong>que</strong></span> <span class='ocrx_word' id='word_1_198' title='bbox 678 3466 1008 3546; x_wconf 71' lang='lat' dir='ltr'><strong>Corcyrae</strong></span> <span class='ocrx_word' id='word_1_199' title='bbox 1051 3463 1345 3546; x_wconf 84' lang='lat' dir='ltr'><strong>symbola</strong></span> <span class='ocrx_word' id='word_1_200' title='bbox 1379 3467 1450 3527; x_wconf 89' lang='lat' dir='ltr'><strong>in</strong></span> <span class='ocrx_word' id='word_1_201' title='bbox 1481 3486 1679 3530; x_wconf 88' lang='lat' dir='ltr'><strong>unum</strong></span> <span class='ocrx_word' id='word_1_202' title='bbox 1711 3481 2045 3552; x_wconf 86' lang='lat' dir='ltr'><strong>congesta,</strong></span> <span class='ocrx_word' id='word_1_203' title='bbox 2076 3527 2094 3533; x_wconf 75' lang='lat'><strong>-</strong></span> 
     </span>
    </p>
   </div>
   <div class='ocr_carea' id='block_1_24' title="bbox 497 3564 2051 4160">
    <p class='ocr_par' dir='ltr' id='par_1_24' title="bbox 497 3564 2050 4160">
     <span class='ocr_line' id='line_1_34' title="bbox 499 3564 2042 3649; baseline 0.002 -20"><span class='ocrx_word' id='word_1_204' title='bbox 499 3566 732 3630; x_wconf 84' lang='lat' dir='ltr'><strong>hortos</strong></span> <span class='ocrx_word' id='word_1_205' title='bbox 757 3564 1058 3640; x_wconf 78' lang='lat' dir='ltr'><strong>Alcinoi,</strong></span> <span class='ocrx_word' id='word_1_206' title='bbox 1103 3578 1389 3642; x_wconf 87' lang='lat' dir='ltr'><strong>astrum,</strong></span> <span class='ocrx_word' id='word_1_207' title='bbox 1435 3566 1730 3646; x_wconf 88' lang='lat' dir='ltr'><strong>hotrum,</strong></span> <span class='ocrx_word' id='word_1_208' title='bbox 1774 3569 2042 3649; x_wconf 89' lang='lat' dir='ltr'><strong>diotam,</strong></span> 
     </span>
     <span class='ocr_line' id='line_1_35' title="bbox 499 3666 2043 3756; baseline -0.001 -22"><span class='ocrx_word' id='word_1_209' title='bbox 499 3683 635 3753; x_wconf 82' lang='lat' dir='ltr'><strong>quo</strong></span> <span class='ocrx_word' id='word_1_210' title='bbox 662 3666 863 3732; x_wconf 89' lang='lat' dir='ltr'><strong>modo</strong></span> <span class='ocrx_word' id='word_1_211' title='bbox 895 3667 1297 3731; x_wconf 77' lang='lat' dir='ltr'><strong>monetarius</strong></span> <span class='ocrx_word' id='word_1_212' title='bbox 1328 3668 1446 3731; x_wconf 89' lang='lat' dir='ltr'><strong>ille</strong></span> <span class='ocrx_word' id='word_1_213' title='bbox 1466 3714 1484 3747; x_wconf 93' lang='lat'>‚</span> <span class='ocrx_word' id='word_1_214' title='bbox 1530 3670 1642 3756; x_wconf 84' lang='lat' dir='ltr'><strong>qui</strong></span> <span class='ocrx_word' id='word_1_215' title='bbox 1676 3670 1742 3733; x_wconf 90' lang='lat' dir='ltr'><strong>in</strong></span> <span class='ocrx_word' id='word_1_216' title='bbox 1771 3669 2043 3735; x_wconf 75' lang='lat' dir='ltr'><strong>denario</strong></span> 
     </span>
     <span class='ocr_line' id='line_1_36' title="bbox 504 3767 2050 3855; baseline 0.001 -20"><span class='ocrx_word' id='word_1_217' title='bbox 504 3774 608 3841; x_wconf 56' lang='lat' dir='ltr'><strong>m..</strong></span> <span class='ocrx_word' id='word_1_218' title='bbox 660 3767 954 3846; x_wconf 76' lang='lat' dir='ltr'><strong>Caecilii·</strong></span> <span class='ocrx_word' id='word_1_219' title='bbox 985 3769 1245 3835; x_wconf 74' lang='lat' dir='ltr'><strong>Metelli</strong></span> <span class='ocrx_word' id='word_1_220' title='bbox 1294 3784 1487 3855; x_wconf 88' lang='lat' dir='ltr'><strong>caput</strong></span> <span class='ocrx_word' id='word_1_221' title='bbox 1542 3771 1875 3855; x_wconf 86' lang='lat' dir='ltr'><strong>elephanti</strong></span> <span class='ocrx_word' id='word_1_222' title='bbox 1917 3774 2050 3855; x_wconf 86' lang='lat' dir='ltr'><strong>cly-</strong></span> 
     </span>
     <span class='ocr_line' id='line_1_37' title="bbox 500 3868 2051 3958; baseline -0.001 -20"><span class='ocrx_word' id='word_1_223' title='bbox 500 3872 648 3957; x_wconf 81' lang='lat' dir='ltr'><strong>peis</strong></span> <span class='ocrx_word' id='word_1_224' title='bbox 676 3868 1124 3948; x_wconf 64' lang='lat' dir='ltr'><strong>Macedonicis</strong></span> <span class='ocrx_word' id='word_1_225' title='bbox 1173 3869 1478 3954; x_wconf 54' lang='lat' dir='ltr'><strong>plausum,</strong></span> <span class='ocrx_word' id='word_1_226' title='bbox 1513 3871 1889 3958; x_wconf 72' lang='lat' dir='ltr'><strong>proposuit,</strong></span> <span class='ocrx_word' id='word_1_227' title='bbox 1935 3871 2051 3936; x_wconf 87' lang='lat' dir='ltr'><strong>du-</strong></span> 
     </span>
     <span class='ocr_line' id='line_1_38' title="bbox 503 3958 2051 4059; baseline 0.001 -24"><span class='ocrx_word' id='word_1_228' title='bbox 503 3973 663 4059; x_wconf 83' lang='lat' dir='ltr'><strong>plex</strong></span> <span class='ocrx_word' id='word_1_229' title='bbox 691 3972 1030 4056; x_wconf 75' lang='lat' dir='ltr'><strong>conjunxit</strong></span> <span class='ocrx_word' id='word_1_230' title='bbox 1060 3973 1274 4059; x_wconf 77' lang='lat' dir='ltr'><strong>gentis</strong></span> <span class='ocrx_word' id='word_1_231' title='bbox 1304 3973 1627 4052; x_wconf 82' lang='lat' dir='ltr'><strong>Caeciliae</strong></span> <span class='ocrx_word' id='word_1_232' title='bbox 1661 3958 1886 4051; x_wconf 65' lang='lat' dir='ltr'><strong>decu&#39;s,</strong></span> <span class='ocrx_word' id='word_1_233' title='bbox 1916 3975 2051 4037; x_wconf 85' lang='lat' dir='ltr'><strong>ele·</strong></span> 
     </span>
     <span class='ocr_line' id='line_1_39' title="bbox 497 4061 2049 4160; baseline 0.001 -22"><span class='ocrx_word' id='word_1_234' title='bbox 497 4061 745 4160; x_wconf 77' lang='lat' dir='ltr'><strong>phauto</strong></span> <span class='ocrx_word' id='word_1_235' title='bbox 797 4075 1143 4142; x_wconf 79' lang='lat' dir='ltr'><strong>victoriam</strong></span> <span class='ocrx_word' id='word_1_236' title='bbox 1203 4076 1287 4140; x_wconf 89' lang='lat' dir='ltr'><strong>de</strong></span> <span class='ocrx_word' id='word_1_237' title='bbox 1334 4076 1734 4154; x_wconf 72' lang='lat' dir='ltr'><strong>Asdrubale,</strong></span> <span class='ocrx_word' id='word_1_238' title='bbox 1798 4076 2049 4160; x_wconf 82' lang='lat' dir='ltr'><strong>clypeis</strong></span> 
     </span>
    </p>
   </div>
   <div class='ocr_carea' id='block_1_25' title="bbox 500 4394 1533 4563">
    <p class='ocr_par' dir='ltr' id='par_1_25' title="bbox 500 4394 1533 4563">
     <span class='ocr_line' id='line_1_40' title="bbox 635 4394 1533 4482; baseline 0.014 -34"><span class='ocrx_word' id='word_1_239' title='bbox 635 4459 640 4466; x_wconf 21' lang='grc' dir='ltr'><strong><em>ο</em></strong></span> <span class='ocrx_word' id='word_1_240' title='bbox 689 4398 809 4472; x_wconf 43' lang='grc'><strong>,3)</strong></span> <span class='ocrx_word' id='word_1_241' title='bbox 849 4397 1000 4464; x_wconf 78' lang='lat' dir='ltr'><strong>Tab.</strong></span> <span class='ocrx_word' id='word_1_242' title='bbox 1036 4394 1262 4480; x_wconf 66' lang='lat' dir='ltr'><strong>Heracl,</strong></span> <span class='ocrx_word' id='word_1_243' title='bbox 1287 4405 1533 4482; x_wconf 48' lang='lat' dir='ltr'><strong>{³552ssst</strong></span> 
     </span>
     <span class='ocr_line' id='line_1_41' title="bbox 500 4486 1454 4563; baseline 0.018 -30"><span class='ocrx_word' id='word_1_244' title='bbox 500 4502 569 4563; x_wconf 66' lang='lat' dir='ltr'><strong>p,</strong></span> <span class='ocrx_word' id='word_1_245' title='bbox 597 4490 756 4562; x_wconf 54' lang='lat'><strong>5394-</strong></span> <span class='ocrx_word' id='word_1_246' title='bbox 901 4492 964 4562; x_wconf 83' lang='lat' dir='ltr'><strong>q)</strong></span> <span class='ocrx_word' id='word_1_247' title='bbox 1000 4486 1154 4552; x_wconf 75' lang='lat' dir='ltr'><strong>nist.</strong></span> <span class='ocrx_word' id='word_1_248' title='bbox 1195 4487 1366 4548; x_wconf 82' lang='lat' dir='ltr'><strong>Corc.</strong></span> <span class='ocrx_word' id='word_1_249' title='bbox 1445 4531 1454 4550; x_wconf 58' lang='lat'>2</span> 
     </span>
    </p>
   </div>
   <div class='ocr_carea' id='block_1_26' title="bbox 1671 4395 2573 4494">
    <p class='ocr_par' dir='ltr' id='par_1_26' title="bbox 1671 4395 2573 4494">
     <span class='ocr_line' id='line_1_42' title="bbox 1671 4395 2573 4494; baseline 0.006 -32"><span class='ocrx_word' id='word_1_250' title='bbox 1671 4453 1678 4462; x_wconf 91' lang='lat'><strong>.</strong></span> <span class='ocrx_word' id='word_1_251' title='bbox 1708 4400 1767 4473; x_wconf 84' lang='lat'><strong>⁰)</strong></span> <span class='ocrx_word' id='word_1_252' title='bbox 1793 4397 1956 4475; x_wconf 67' lang='lat' dir='ltr'><strong>viss,</strong></span> <span class='ocrx_word' id='word_1_253' title='bbox 1977 4397 2071 4478; x_wconf 39' lang='lat' dir='ltr'><strong>,de</strong></span> <span class='ocrx_word' id='word_1_254' title='bbox 2091 4397 2304 4462; x_wconf 74' lang='lat' dir='ltr'><strong>,Paesti</strong></span> <span class='ocrx_word' id='word_1_255' title='bbox 2341 4395 2573 4494; x_wconf 49' lang='lat' dir='ltr'><strong>orissiuz</strong></span> 
     </span>
    </p>
   </div>
   <div class='ocr_carea' id='block_1_27' title="bbox 2121 932 3673 1605">
    <p class='ocr_par' dir='ltr' id='par_1_27' title="bbox 2121 932 3673 1605">
     <span class='ocr_line' id='line_1_43' title="bbox 2125 932 3664 1017; baseline -0.001 -24"><span class='ocrx_word' id='word_1_256' title='bbox 2125 952 2270 994; x_wconf 89' lang='lat' dir='ltr'><strong>rum</strong></span> <span class='ocrx_word' id='word_1_257' title='bbox 2323 932 2498 996; x_wconf 83' lang='lat' dir='ltr'><strong>istud</strong></span> <span class='ocrx_word' id='word_1_258' title='bbox 2548 944 2835 1017; x_wconf 73' lang='lat' dir='ltr'><strong>praestat</strong></span> <span class='ocrx_word' id='word_1_259' title='bbox 2874 945 3171 993; x_wconf 87' lang='lat' dir='ltr'><strong>nostrum</strong></span> <span class='ocrx_word' id='word_1_260' title='bbox 3200 950 3470 1004; x_wconf 78' lang='lat' dir='ltr'><strong>aevum,</strong></span> <span class='ocrx_word' id='word_1_261' title='bbox 3517 953 3664 996; x_wconf 87' lang='lat' dir='ltr'><strong>cum</strong></span> 
     </span>
     <span class='ocr_line' id='line_1_44' title="bbox 2124 1030 3668 1118; baseline 0.002 -26"><span class='ocrx_word' id='word_1_262' title='bbox 2124 1033 2446 1096; x_wconf 87' lang='lat' dir='ltr'><strong>nobilium</strong></span> <span class='ocrx_word' id='word_1_263' title='bbox 2481 1031 2758 1115; x_wconf 82' lang='lat' dir='ltr'><strong>insignia</strong></span> <span class='ocrx_word' id='word_1_264' title='bbox 2784 1030 2883 1095; x_wconf 66' lang='grc' dir='ltr'><strong>εὶ</strong></span> <span class='ocrx_word' id='word_1_265' title='bbox 2896 1032 3150 1109; x_wconf 86' lang='lat' dir='ltr'><strong>rebus‚·</strong></span> <span class='ocrx_word' id='word_1_266' title='bbox 3164 1051 3329 1118; x_wconf 89' lang='lat' dir='ltr'><strong>quae</strong></span> <span class='ocrx_word' id='word_1_267' title='bbox 3371 1033 3497 1095; x_wconf 86' lang='lat' dir='ltr'><strong>sibi</strong></span> <span class='ocrx_word' id='word_1_268' title='bbox 3530 1053 3668 1099; x_wconf 83' lang='lat' dir='ltr'><strong>sae·</strong></span> 
     </span>
     <span class='ocr_line' id='line_1_45' title="bbox 2124 1118 3563 1218; baseline 0.002 -22"><span class='ocrx_word' id='word_1_269' title='bbox 2124 1153 2210 1218; x_wconf 88' lang='lat' dir='ltr'><strong>pe</strong></span> <span class='ocrx_word' id='word_1_270' title='bbox 2244 1135 2522 1199; x_wconf 84' lang='lat' dir='ltr'><strong>maxime</strong></span> <span class='ocrx_word' id='word_1_271' title='bbox 2551 1132 3012 1211; x_wconf 84' lang='lat' dir='ltr'><strong>adversantur,</strong></span> <span class='ocrx_word' id='word_1_272' title='bbox 3057 1132 3414 1218; x_wconf 85' lang='lat' dir='ltr'><strong>componit.</strong></span> <span class='ocrx_word' id='word_1_273' title='bbox 3552 1118 3563 1129; x_wconf 54' lang='grc'><strong>’</strong></span> 
     </span>
     <span class='ocr_line' id='line_1_46' title="bbox 2209 1234 3673 1318; baseline -0.001 -20"><span class='ocrx_word' id='word_1_274' title='bbox 2209 1240 2577 1318; x_wconf 72' lang='lat' dir='ltr'><strong>Ept&#39;qraplze</strong></span> <span class='ocrx_word' id='word_1_275' title='bbox 2631 1235 2699 1297; x_wconf 91' lang='lat' dir='ltr'><strong>in</strong></span> <span class='ocrx_word' id='word_1_276' title='bbox 2745 1234 3078 1318; x_wconf 84' lang='lat' dir='ltr'><strong>Corcyrae</strong></span> <span class='ocrx_word' id='word_1_277' title='bbox 3132 1235 3346 1298; x_wconf 79' lang='lat' dir='ltr'><strong>numia</strong></span> <span class='ocrx_word' id='word_1_278' title='bbox 3390 1235 3673 1297; x_wconf 86' lang='lat' dir='ltr'><strong>multum</strong></span> 
     </span>
     <span class='ocr_line' id='line_1_47' title="bbox 2123 1323 3667 1404; baseline -0.001 -4"><span class='ocrx_word' id='word_1_279' title='bbox 2123 1338 2351 1403; x_wconf 81' lang='lat' dir='ltr'><strong>variat.</strong></span> <span class='ocrx_word' id='word_1_280' title='bbox 2454 1323 2695 1403; x_wconf 53' lang='lat' dir='ltr'><strong>Videas</strong></span> <span class='ocrx_word' id='word_1_281' title='bbox 2761 1338 2825 1399; x_wconf 90' lang='lat' dir='ltr'><strong>in</strong></span> <span class='ocrx_word' id='word_1_282' title='bbox 2902 1337 3006 1398; x_wconf 85' lang='lat' dir='ltr'><strong>his</strong></span> <span class='ocrx_word' id='word_1_283' title='bbox 3077 1335 3163 1402; x_wconf 83' lang='grc' dir='ltr'><strong>Κ.</strong></span> <span class='ocrx_word' id='word_1_284' title='bbox 3226 1333 3383 1399; x_wconf 81' lang='grc' dir='ltr'><strong>ΚΟ.</strong></span> <span class='ocrx_word' id='word_1_285' title='bbox 3460 1334 3667 1404; x_wconf 86' lang='grc' dir='ltr'><strong>ΚΟΡ.</strong></span> 
     </span>
     <span class='ocr_line' id='line_1_48' title="bbox 2122 1432 3669 1503; baseline 0.001 -8"><span class='ocrx_word' id='word_1_286' title='bbox 2122 1434 2389 1503; x_wconf 86' lang='grc' dir='ltr'><strong>ΚΟΡΚ.</strong></span> <span class='ocrx_word' id='word_1_287' title='bbox 2423 1432 2882 1499; x_wconf 82' lang='grc' dir='ltr'><strong>ΚΟΡΚΤΡΑ.</strong></span> <span class='ocrx_word' id='word_1_288' title='bbox 2921 1433 3419 1500; x_wconf 81' lang='grc' dir='ltr'><strong>ΚΟΡΚΤΡΑῙ.</strong></span> <span class='ocrx_word' id='word_1_289' title='bbox 3459 1435 3669 1498; x_wconf 87' lang='lat' dir='ltr'><strong>KOP·</strong></span> 
     </span>
     <span class='ocr_line' id='line_1_49' title="bbox 2121 1533 3671 1605; baseline 0 -8"><span class='ocrx_word' id='word_1_290' title='bbox 2121 1533 2402 1600; x_wconf 78' lang='lat' dir='ltr'><strong>KTPAl</strong></span> <span class='ocrx_word' id='word_1_291' title='bbox 2416 1535 2589 1601; x_wconf 84' lang='grc' dir='ltr'><strong>ΩΝ.</strong></span> <span class='ocrx_word' id='word_1_292' title='bbox 2631 1540 2709 1600; x_wconf 86' lang='grc' dir='ltr'><strong>Ιιι</strong></span> <span class='ocrx_word' id='word_1_293' title='bbox 2743 1536 2967 1601; x_wconf 88' lang='lat' dir='ltr'><strong>multis</strong></span> <span class='ocrx_word' id='word_1_294' title='bbox 2997 1557 3239 1601; x_wconf 89' lang='lat' dir='ltr'><strong>nomen</strong></span> <span class='ocrx_word' id='word_1_295' title='bbox 3259 1536 3441 1605; x_wconf 81' lang='lat' dir='ltr'><strong>urbis</strong></span> <span class='ocrx_word' id='word_1_296' title='bbox 3474 1539 3671 1600; x_wconf 86' lang='lat' dir='ltr'><strong>mani-</strong></span> 
     </span>
    </p>
   </div>
   <div class='ocr_carea' id='block_1_28' title="bbox 2120 1621 3705 3145">
    <p class='ocr_par' dir='ltr' id='par_1_28' title="bbox 2120 1621 3667 1927">
     <span class='ocr_line' id='line_1_50' title="bbox 2120 1621 3666 1733; baseline 0.005 -30"><span class='ocrx_word' id='word_1_297' title='bbox 2120 1640 2319 1706; x_wconf 87' lang='lat' dir='ltr'><strong>festat</strong></span> <span class='ocrx_word' id='word_1_298' title='bbox 2350 1663 2841 1731; x_wconf 84' lang='lat' dir='ltr'><strong>monogramma</strong></span> <span class='ocrx_word' id='word_1_299' title='bbox 2890 1621 3004 1733; x_wconf 64' lang='lat' dir='ltr'><strong>(R,</strong></span> <span class='ocrx_word' id='word_1_300' title='bbox 3059 1626 3132 1725; x_wconf 62' lang='lat' dir='ltr'>R</span> <span class='ocrx_word' id='word_1_301' title='bbox 3189 1658 3298 1708; x_wconf 89' lang='lat' dir='ltr'><strong>aut</strong></span> <span class='ocrx_word' id='word_1_302' title='bbox 3341 1644 3666 1710; x_wconf 85' lang='lat' dir='ltr'><strong>similiter.</strong></span> 
     </span>
     <span class='ocr_line' id='line_1_51' title="bbox 2123 1745 3667 1834; baseline 0.003 -29"><span class='ocrx_word' id='word_1_303' title='bbox 2123 1746 2207 1806; x_wconf 82' lang='lat' dir='ltr'><strong>At</strong></span> <span class='ocrx_word' id='word_1_304' title='bbox 2272 1745 2545 1809; x_wconf 85' lang='lat' dir='ltr'><strong>Graecis</strong></span> <span class='ocrx_word' id='word_1_305' title='bbox 2596 1748 3032 1834; x_wconf 84' lang='lat' dir='ltr'><strong>scriptoribus</strong></span> <span class='ocrx_word' id='word_1_306' title='bbox 3089 1745 3236 1810; x_wconf 84' lang='lat' dir='ltr'><strong>fere</strong></span> <span class='ocrx_word' id='word_1_307' title='bbox 3290 1760 3667 1811; x_wconf 84' lang='lat' dir='ltr'><strong>constanter</strong></span> 
     </span>
     <span class='ocr_line' id='line_1_52' title="bbox 2122 1843 2694 1927; baseline 0.01 -23"><span class='ocrx_word' id='word_1_308' title='bbox 2122 1843 2366 1907; x_wconf 80' lang='lat' dir='ltr'><strong>dieitur</strong></span> <span class='ocrx_word' id='word_1_309' title='bbox 2407 1846 2694 1927; x_wconf 65' lang='grc' dir='ltr'>Κερκυρει.</span> 
     </span>
    </p>

    <p class='ocr_par' dir='ltr' id='par_1_29' title="bbox 2205 1947 3176 2015">
     <span class='ocr_line' id='line_1_53' title="bbox 2205 1947 3176 2015; baseline 0.008 -9"><span class='ocrx_word' id='word_1_310' title='bbox 2205 1947 2610 2011; x_wconf 86' lang='lat' dir='ltr'><strong>lllustriores</strong></span> <span class='ocrx_word' id='word_1_311' title='bbox 2643 1951 2824 2015; x_wconf 88' lang='lat' dir='ltr'><strong>numi</strong></span> <span class='ocrx_word' id='word_1_312' title='bbox 2856 1951 2969 2014; x_wconf 87' lang='lat' dir='ltr'><strong>alii</strong></span> <span class='ocrx_word' id='word_1_313' title='bbox 3007 1964 3176 2014; x_wconf 88' lang='lat' dir='ltr'><strong>sunt.</strong></span> 
     </span>
    </p>

    <p class='ocr_par' dir='ltr' id='par_1_30' title="bbox 2122 2043 3705 2531">
     <span class='ocr_line' id='line_1_54' title="bbox 2212 2043 3663 2133; baseline 0.003 -24"><span class='ocrx_word' id='word_1_314' title='bbox 2212 2043 2595 2115; x_wconf 81' lang='lat' dir='ltr'><strong>AFPETC.</strong></span> <span class='ocrx_word' id='word_1_315' title='bbox 2646 2056 2761 2114; x_wconf 74' lang='lat' dir='ltr'><strong>Vir</strong></span> <span class='ocrx_word' id='word_1_316' title='bbox 2800 2062 3058 2133; x_wconf 72' lang='lat' dir='ltr'><strong>coyatus</strong></span> <span class='ocrx_word' id='word_1_317' title='bbox 3099 2060 3283 2113; x_wconf 77' lang='lat' dir='ltr'><strong>atam</strong></span> <span class='ocrx_word' id='word_1_318' title='bbox 3318 2055 3380 2115; x_wconf 83' lang='lat' dir='ltr'><strong>d.</strong></span> <span class='ocrx_word' id='word_1_319' title='bbox 3411 2072 3663 2132; x_wconf 62' lang='lat' dir='ltr'><strong>serpen·</strong></span> 
     </span>
     <span class='ocr_line' id='line_1_55' title="bbox 2124 2138 3705 2236; baseline 0.003 -25"><span class='ocrx_word' id='word_1_320' title='bbox 2124 2160 2251 2211; x_wconf 81' lang='lat' dir='ltr'><strong>tem</strong></span> <span class='ocrx_word' id='word_1_321' title='bbox 2307 2159 2507 2227; x_wconf 81' lang='lat' dir='ltr'><strong>tenet,</strong></span> <span class='ocrx_word' id='word_1_322' title='bbox 2498 2173 2514 2189; x_wconf 90' lang='lat'><strong>·</strong></span> <span class='ocrx_word' id='word_1_323' title='bbox 2586 2172 3038 2236; x_wconf 74' lang='lat' dir='ltr'><strong>nonnunquam</strong></span> <span class='ocrx_word' id='word_1_324' title='bbox 3099 2162 3234 2214; x_wconf 74' lang='lat' dir='ltr'><strong>stat</strong></span> <span class='ocrx_word' id='word_1_325' title='bbox 3285 2156 3452 2216; x_wconf 71' lang='lat' dir='ltr'><strong>iuter</strong></span> <span class='ocrx_word' id='word_1_326' title='bbox 3504 2138 3669 2215; x_wconf 75' lang='lat' dir='ltr'><strong>duae</strong></span> <span class='ocrx_word' id='word_1_327' title='bbox 3684 2204 3705 2215; x_wconf 79' lang='grc'><em>,</em></span> 
     </span>
     <span class='ocr_line' id='line_1_56' title="bbox 2122 2247 3671 2335; baseline -0.001 -21"><span class='ocrx_word' id='word_1_328' title='bbox 2122 2254 2474 2315; x_wconf 72' lang='lat' dir='ltr'><strong>columnas.</strong></span> <span class='ocrx_word' id='word_1_329' title='bbox 2526 2248 2574 2311; x_wconf 72' lang='lat'><strong>3:</strong></span> <span class='ocrx_word' id='word_1_330' title='bbox 2614 2247 2874 2315; x_wconf 76' lang='lat' dir='ltr'><strong>ZGTC.</strong></span> <span class='ocrx_word' id='word_1_331' title='bbox 2928 2251 3288 2318; x_wconf 90' lang='lat' dir='ltr'><strong>KACIOC.</strong></span> <span class='ocrx_word' id='word_1_332' title='bbox 3372 2258 3671 2335; x_wconf 69' lang='lat' dir='ltr'><strong>luppiter</strong></span> 
     </span>
     <span class='ocr_line' id='line_1_57' title="bbox 2124 2352 3668 2434; baseline 0 -21"><span class='ocrx_word' id='word_1_333' title='bbox 2124 2357 2350 2414; x_wconf 78' lang='lat' dir='ltr'><strong>sedem</strong></span> <span class='ocrx_word' id='word_1_334' title='bbox 2383 2354 2455 2412; x_wconf 75' lang='lat' dir='ltr'><strong>in</strong></span> <span class='ocrx_word' id='word_1_335' title='bbox 2489 2357 2719 2434; x_wconf 83' lang='lat' dir='ltr'><strong>templo</strong></span> <span class='ocrx_word' id='word_1_336' title='bbox 2752 2356 2987 2434; x_wconf 72' lang='lat' dir='ltr'><strong>diaetylo</strong></span> <span class='ocrx_word' id='word_1_337' title='bbox 3020 2352 3668 2421; x_wconf 72' lang='lat' dir='ltr'><strong>d.leaseam.AE.11.</strong></span> 
     </span>
     <span class='ocr_line' id='line_1_58' title="bbox 2124 2453 2570 2531; baseline 0.007 -18"><span class='ocrx_word' id='word_1_338' title='bbox 2124 2454 2322 2531; x_wconf 81' lang='lat' dir='ltr'><strong>(Mus</strong></span> <span class='ocrx_word' id='word_1_339' title='bbox 2355 2453 2570 2530; x_wconf 84' lang='lat' dir='ltr'><strong>Caes.)</strong></span> 
     </span>
    </p>

    <p class='ocr_par' dir='ltr' id='par_1_31' title="bbox 2125 2548 3670 2738">
     <span class='ocr_line' id='line_1_59' title="bbox 2206 2548 3670 2637; baseline 0.001 -25"><span class='ocrx_word' id='word_1_340' title='bbox 2206 2548 2665 2616; x_wconf 83' lang='lat' dir='ltr'><strong>KOPKTPA.</strong></span> <span class='ocrx_word' id='word_1_341' title='bbox 2732 2558 2937 2635; x_wconf 77' lang='lat' dir='ltr'><strong>Caput</strong></span> <span class='ocrx_word' id='word_1_342' title='bbox 3007 2560 3316 2637; x_wconf 78' lang='lat' dir='ltr'><strong>Corcyrae</strong></span> <span class='ocrx_word' id='word_1_343' title='bbox 3394 2559 3563 2620; x_wconf 80' lang='lat' dir='ltr'><strong>laur.</strong></span> <span class='ocrx_word' id='word_1_344' title='bbox 3623 2553 3670 2614; x_wconf 68' lang='lat'>3</span> 
     </span>
     <span class='ocr_line' id='line_1_60' title="bbox 2125 2648 3554 2738; baseline 0.006 -26"><span class='ocrx_word' id='word_1_345' title='bbox 2125 2648 2384 2715; x_wconf 74' lang='lat' dir='ltr'>ZGTC.</span> <span class='ocrx_word' id='word_1_346' title='bbox 2419 2653 2777 2722; x_wconf 85' lang='lat' dir='ltr'>KACIOC.</span> <span class='ocrx_word' id='word_1_347' title='bbox 2821 2659 2997 2720; x_wconf 77' lang='lat' dir='ltr'><strong>Idem</strong></span> <span class='ocrx_word' id='word_1_348' title='bbox 3038 2667 3245 2738; x_wconf 76' lang='lat' dir='ltr'><strong>typus.</strong></span> <span class='ocrx_word' id='word_1_349' title='bbox 3293 2659 3426 2721; x_wconf 83' lang='grc' dir='ltr'><strong>ΑΕ.</strong></span> <span class='ocrx_word' id='word_1_350' title='bbox 3469 2659 3554 2720; x_wconf 88' lang='lat'><strong>11.</strong></span> 
     </span>
    </p>

    <p class='ocr_par' dir='ltr' id='par_1_32' title="bbox 2120 2755 3672 3145">
     <span class='ocr_line' id='line_1_61' title="bbox 2206 2755 3668 2843; baseline 0 -26"><span class='ocrx_word' id='word_1_351' title='bbox 2206 2756 2458 2819; x_wconf 83' lang='lat' dir='ltr'><strong>Numus</strong></span> <span class='ocrx_word' id='word_1_352' title='bbox 2538 2756 2726 2837; x_wconf 88' lang='lat' dir='ltr'><strong>prior</strong></span> <span class='ocrx_word' id='word_1_353' title='bbox 2791 2755 2872 2818; x_wconf 86' lang='lat' dir='ltr'><strong>ab</strong></span> <span class='ocrx_word' id='word_1_354' title='bbox 2933 2758 3450 2843; x_wconf 86' lang='lat' dir='ltr'><strong>antiquariorum</strong></span> <span class='ocrx_word' id='word_1_355' title='bbox 3523 2757 3668 2820; x_wconf 88' lang='lat' dir='ltr'><strong>libi·</strong></span> 
     </span>
     <span class='ocr_line' id='line_1_62' title="bbox 2124 2854 2933 2922; baseline 0.007 -7"><span class='ocrx_word' id='word_1_356' title='bbox 2124 2854 2276 2918; x_wconf 90' lang='lat' dir='ltr'><strong>dine</strong></span> <span class='ocrx_word' id='word_1_357' title='bbox 2322 2855 2599 2917; x_wconf 89' lang='lat' dir='ltr'><strong>multum</strong></span> <span class='ocrx_word' id='word_1_358' title='bbox 2643 2871 2933 2922; x_wconf 78' lang='lat' dir='ltr'><strong>vexatus.</strong></span> 
     </span>
     <span class='ocr_line' id='line_1_63' title="bbox 2120 2956 3669 3042; baseline 0.002 -25"><span class='ocrx_word' id='word_1_359' title='bbox 2120 2956 2188 3018; x_wconf 89' lang='lat' dir='ltr'><strong>in</strong></span> <span class='ocrx_word' id='word_1_360' title='bbox 2265 2976 2348 3019; x_wconf 89' lang='lat' dir='ltr'><strong>eo</strong></span> <span class='ocrx_word' id='word_1_361' title='bbox 2420 2957 2684 3041; x_wconf 85' lang='lat' dir='ltr'><strong>legeret</strong></span> <span class='ocrx_word' id='word_1_362' title='bbox 2741 2956 3151 3038; x_wconf 80' lang='lat' dir='ltr'><strong>ATPe&#39;rc,</strong></span> <span class='ocrx_word' id='word_1_363' title='bbox 3210 2960 3501 3024; x_wconf 84' lang='lat' dir='ltr'><strong>Hadriae</strong></span> <span class='ocrx_word' id='word_1_364' title='bbox 3563 2959 3669 3042; x_wconf 78' lang='lat' dir='ltr'><strong>Pi-</strong></span> 
     </span>
     <span class='ocr_line' id='line_1_64' title="bbox 2122 3051 3672 3145; baseline 0 -21"><span class='ocrx_word' id='word_1_365' title='bbox 2122 3058 2271 3124; x_wconf 80' lang='lat' dir='ltr'><strong>ceni</strong></span> <span class='ocrx_word' id='word_1_366' title='bbox 2319 3051 2546 3122; x_wconf 85' lang='lat' dir='ltr'><strong>tribuit</strong></span> <span class='ocrx_word' id='word_1_367' title='bbox 2575 3064 2642 3145; x_wconf 82' lang='lat'><strong>¹¹)</strong></span> <span class='ocrx_word' id='word_1_368' title='bbox 2687 3051 3125 3142; x_wconf 61' lang='lat' dir='ltr'><strong>adpldudente</strong></span> <span class='ocrx_word' id='word_1_369' title='bbox 3170 3061 3489 3126; x_wconf 85' lang='lat' dir='ltr'><strong>Paschale</strong></span> <span class='ocrx_word' id='word_1_370' title='bbox 3534 3064 3672 3124; x_wconf 73' lang='lat' dir='ltr'><strong>Ha·</strong></span> 
     </span>
    </p>
   </div>
   <div class='ocr_carea' id='block_1_29' title="bbox 2088 3160 3781 3246">
    <p class='ocr_par' dir='ltr' id='par_1_33' title="bbox 2088 3160 3781 3246">
     <span class='ocr_line' id='line_1_65' title="bbox 2088 3160 3781 3246; baseline 0.001 -22"><span class='ocrx_word' id='word_1_371' title='bbox 2088 3162 2368 3246; x_wconf 81' lang='lat' dir='ltr'><strong>·gnonio</strong></span> <span class='ocrx_word' id='word_1_372' title='bbox 2399 3162 2483 3245; x_wconf 85' lang='lat'><strong>0).</strong></span> <span class='ocrx_word' id='word_1_373' title='bbox 2524 3160 2813 3228; x_wconf 86' lang='lat' dir='ltr'><strong>Jacobus</strong></span> <span class='ocrx_word' id='word_1_374' title='bbox 2866 3160 2947 3225; x_wconf 90' lang='lat' dir='ltr'><strong>de</strong></span> <span class='ocrx_word' id='word_1_375' title='bbox 2990 3166 3200 3246; x_wconf 83' lang='lat' dir='ltr'><strong>Barry</strong></span> <span class='ocrx_word' id='word_1_376' title='bbox 3232 3165 3473 3226; x_wconf 86' lang='lat' dir='ltr'><strong>Petrae</strong></span> <span class='ocrx_word' id='word_1_377' title='bbox 3510 3166 3673 3226; x_wconf 84' lang='lat' dir='ltr'><strong>Ara·</strong></span> <span class='ocrx_word' id='word_1_378' title='bbox 3770 3165 3781 3170; x_wconf 80' lang='grc'><strong><em>’</em></strong></span> 
     </span>
    </p>
   </div>
   <div class='ocr_carea' id='block_1_30' title="bbox 2121 3262 3666 3354">
    <p class='ocr_par' dir='ltr' id='par_1_34' title="bbox 2121 3262 3666 3354">
     <span class='ocr_line' id='line_1_66' title="bbox 2121 3262 3666 3354; baseline -0.001 -29"><span class='ocrx_word' id='word_1_379' title='bbox 2121 3262 2304 3342; x_wconf 88' lang='lat' dir='ltr'><strong>biae,</strong></span> <span class='ocrx_word' id='word_1_380' title='bbox 2338 3277 2518 3347; x_wconf 76' lang='lat' dir='ltr'><strong>&#39;quae</strong></span> <span class='ocrx_word' id='word_1_381' title='bbox 2562 3269 2749 3347; x_wconf 74' lang='lat' dir='ltr'><strong>Ayra</strong></span> <span class='ocrx_word' id='word_1_382' title='bbox 2799 3264 2959 3326; x_wconf 88' lang='lat' dir='ltr'><strong>olim</strong></span> <span class='ocrx_word' id='word_1_383' title='bbox 3008 3264 3364 3354; x_wconf 81' lang='lat' dir='ltr'><strong>vocabatur</strong></span> <span class='ocrx_word' id='word_1_384' title='bbox 3404 3266 3487 3341; x_wconf 83' lang='lat' dir='ltr'><strong>P).</strong></span> <span class='ocrx_word' id='word_1_385' title='bbox 3551 3268 3666 3325; x_wconf 88' lang='lat' dir='ltr'><strong>Sa-</strong></span> 
     </span>
    </p>
   </div>
   <div class='ocr_carea' id='block_1_31' title="bbox 2111 3361 3663 3448">
    <p class='ocr_par' dir='ltr' id='par_1_35' title="bbox 2111 3361 3663 3448">
     <span class='ocr_line' id='line_1_67' title="bbox 2111 3361 3663 3448; baseline -0.003 -21"><span class='ocrx_word' id='word_1_386' title='bbox 2111 3361 2208 3427; x_wconf 83' lang='lat' dir='ltr'><strong>·tis</strong></span> <span class='ocrx_word' id='word_1_387' title='bbox 2263 3384 2395 3448; x_wconf 74' lang='lat' dir='ltr'><strong>non</strong></span> <span class='ocrx_word' id='word_1_388' title='bbox 2451 3366 2651 3429; x_wconf 87' lang='lat' dir='ltr'><strong>hodie</strong></span> <span class='ocrx_word' id='word_1_389' title='bbox 2706 3364 2956 3442; x_wconf 88' lang='lat' dir='ltr'><strong>solum,</strong></span> <span class='ocrx_word' id='word_1_390' title='bbox 3018 3363 3136 3427; x_wconf 79' lang='lat' dir='ltr'><strong>sed</strong></span> <span class='ocrx_word' id='word_1_391' title='bbox 3190 3364 3321 3448; x_wconf 89' lang='lat' dir='ltr'><strong>jam</strong></span> <span class='ocrx_word' id='word_1_392' title='bbox 3383 3362 3536 3425; x_wconf 90' lang='lat' dir='ltr'><strong>inde</strong></span> <span class='ocrx_word' id='word_1_393' title='bbox 3580 3362 3663 3424; x_wconf 86' lang='lat' dir='ltr'><strong>ab</strong></span> 
     </span>
    </p>
   </div>
   <div class='ocr_carea' id='block_1_32' title="bbox 2116 3463 3727 3852">
    <p class='ocr_par' dir='ltr' id='par_1_36' title="bbox 2116 3463 3727 3852">
     <span class='ocr_line' id='line_1_68' title="bbox 2118 3463 3666 3548; baseline -0.004 -20"><span class='ocrx_word' id='word_1_394' title='bbox 2118 3463 2382 3528; x_wconf 87' lang='lat' dir='ltr'><strong>Andrea</strong></span> <span class='ocrx_word' id='word_1_395' title='bbox 2411 3469 2742 3530; x_wconf 79' lang='lat' dir='ltr'><strong>Marmora</strong></span> <span class='ocrx_word' id='word_1_396' title='bbox 2791 3467 2855 3548; x_wconf 72' lang='lat' dir='ltr'><strong>c1)</strong></span> <span class='ocrx_word' id='word_1_397' title='bbox 2901 3478 3188 3541; x_wconf 84' lang='lat' dir='ltr'><strong>constat,</strong></span> <span class='ocrx_word' id='word_1_398' title='bbox 3250 3484 3486 3538; x_wconf 83' lang='lat' dir='ltr'><strong>numos</strong></span> <span class='ocrx_word' id='word_1_399' title='bbox 3541 3463 3666 3526; x_wconf 83' lang='lat' dir='ltr'><strong>hos</strong></span> 
     </span>
     <span class='ocr_line' id='line_1_69' title="bbox 2116 3554 3693 3650; baseline -0.003 -21"><span class='ocrx_word' id='word_1_400' title='bbox 2116 3585 2264 3629; x_wconf 85' lang='lat' dir='ltr'><strong>esse</strong></span> <span class='ocrx_word' id='word_1_401' title='bbox 2294 3554 2787 3650; x_wconf 51' lang='lat' dir='ltr'><strong>Corcyrenses,</strong></span> <span class='ocrx_word' id='word_1_402' title='bbox 2814 3569 2957 3631; x_wconf 85' lang='lat' dir='ltr'><strong>etsi·</strong></span> <span class='ocrx_word' id='word_1_403' title='bbox 2970 3566 3224 3629; x_wconf 88' lang='lat' dir='ltr'><strong>insulae</strong></span> <span class='ocrx_word' id='word_1_404' title='bbox 3256 3585 3499 3627; x_wconf 89' lang='lat' dir='ltr'><strong>nomen</strong></span> <span class='ocrx_word' id='word_1_405' title='bbox 3530 3583 3693 3650; x_wconf 24' lang='lat' dir='ltr'><strong>non&#39;</strong></span> 
     </span>
     <span class='ocr_line' id='line_1_70' title="bbox 2116 3651 3727 3756; baseline -0.006 -23"><span class='ocrx_word' id='word_1_406' title='bbox 2116 3666 2425 3744; x_wconf 82' lang='lat' dir='ltr'><strong>addatur,</strong></span> <span class='ocrx_word' id='word_1_407' title='bbox 2510 3681 2712 3756; x_wconf 20' lang='lat' dir='ltr'><strong>atque*</strong></span> <span class='ocrx_word' id='word_1_408' title='bbox 2779 3667 2906 3732; x_wconf 87' lang='lat' dir='ltr'><strong>etsi</strong></span> <span class='ocrx_word' id='word_1_409' title='bbox 2963 3651 3141 3730; x_wconf 79' lang='lat' dir='ltr'><strong>istud</strong></span> <span class='ocrx_word' id='word_1_410' title='bbox 3199 3664 3462 3731; x_wconf 80' lang='lat' dir='ltr'><strong>aliunde</strong></span> <span class='ocrx_word' id='word_1_411' title='bbox 3530 3680 3664 3727; x_wconf 87' lang='lat' dir='ltr'><strong>non</strong></span> <span class='ocrx_word' id='word_1_412' title='bbox 3716 3729 3727 3738; x_wconf 74' lang='lat'><strong>,</strong></span> 
     </span>
     <span class='ocr_line' id='line_1_71' title="bbox 2120 3766 3667 3852; baseline -0.004 -19"><span class='ocrx_word' id='word_1_413' title='bbox 2120 3781 2485 3845; x_wconf 82' lang='lat' dir='ltr'><strong>constaret,</strong></span> <span class='ocrx_word' id='word_1_414' title='bbox 2547 3766 2899 3833; x_wconf 85' lang='lat' dir='ltr'><strong>docerent</strong></span> <span class='ocrx_word' id='word_1_415' title='bbox 2926 3782 3063 3832; x_wconf 87' lang='lat' dir='ltr'><strong>tum</strong></span> <span class='ocrx_word' id='word_1_416' title='bbox 3106 3788 3341 3831; x_wconf 84' lang='lat' dir='ltr'><strong>numus</strong></span> <span class='ocrx_word' id='word_1_417' title='bbox 3387 3788 3471 3829; x_wconf 83' lang='lat' dir='ltr'><strong>ex</strong></span> <span class='ocrx_word' id='word_1_418' title='bbox 3511 3784 3667 3852; x_wconf 83' lang='lat' dir='ltr'><strong>pro·</strong></span> 
     </span>
    </p>
   </div>
   <div class='ocr_carea' id='block_1_33' title="bbox 2117 3853 3799 3962">
    <p class='ocr_par' dir='ltr' id='par_1_37' title="bbox 2117 3853 3799 3962">
     <span class='ocr_line' id='line_1_72' title="bbox 2117 3853 3799 3962; baseline -0.002 -29"><span class='ocrx_word' id='word_1_419' title='bbox 2117 3872 2351 3962; x_wconf 80' lang='lat' dir='ltr'><strong>positis</strong></span> <span class='ocrx_word' id='word_1_420' title='bbox 2395 3853 2635 3949; x_wconf 67' lang='lat' dir='ltr'><strong>alter,</strong></span> <span class='ocrx_word' id='word_1_421' title='bbox 2646 3883 2781 3934; x_wconf 86' lang='lat' dir='ltr'><strong>tum</strong></span> <span class='ocrx_word' id='word_1_422' title='bbox 2823 3871 3003 3934; x_wconf 86' lang='lat' dir='ltr'><strong>numi</strong></span> <span class='ocrx_word' id='word_1_423' title='bbox 3047 3869 3456 3953; x_wconf 87' lang='lat' dir='ltr'><strong>imperatorii</strong></span> <span class='ocrx_word' id='word_1_424' title='bbox 3506 3863 3665 3930; x_wconf 77' lang='lat' dir='ltr'><strong>inda</strong></span> <span class='ocrx_word' id='word_1_425' title='bbox 3791 3939 3799 3948; x_wconf 49' lang='lat'><em>‚</em></span> 
     </span>
    </p>
   </div>
   <div class='ocr_carea' id='block_1_34' title="bbox 2119 3963 3671 4157">
    <p class='ocr_par' dir='ltr' id='par_1_38' title="bbox 2119 3963 3665 4157">
     <span class='ocr_line' id='line_1_73' title="bbox 2120 3963 3665 4058; baseline -0.005 -21"><span class='ocrx_word' id='word_1_426' title='bbox 2120 3973 2201 4037; x_wconf 90' lang='lat' dir='ltr'><strong>ab</strong></span> <span class='ocrx_word' id='word_1_427' title='bbox 2249 3973 2625 4049; x_wconf 80' lang='lat' dir='ltr'><strong>Antonino,</strong></span> <span class='ocrx_word' id='word_1_428' title='bbox 2667 3973 2737 4034; x_wconf 91' lang='lat' dir='ltr'><strong>in</strong></span> <span class='ocrx_word' id='word_1_429' title='bbox 2780 3972 3012 4058; x_wconf 82' lang='lat' dir='ltr'><strong>quibua</strong></span> <span class='ocrx_word' id='word_1_430' title='bbox 3053 3963 3444 4057; x_wconf 86' lang='lat' dir='ltr'><strong>frequenter</strong></span> <span class='ocrx_word' id='word_1_431' title='bbox 3485 3969 3665 4033; x_wconf 85' lang='lat' dir='ltr'><strong>idem</strong></span> 
     </span>
     <span class='ocr_line' id='line_1_74' title="bbox 2119 4053 3671 4157; baseline -0.005 -18"><span class='ocrx_word' id='word_1_432' title='bbox 2119 4080 2376 4157; x_wconf 59' lang='lat' dir='ltr'><strong>Agreus</strong></span> <span class='ocrx_word' id='word_1_433' title='bbox 2406 4090 2473 4138; x_wconf 90' lang='lat' dir='ltr'><strong>et</strong></span> <span class='ocrx_word' id='word_1_434' title='bbox 2490 4077 2744 4155; x_wconf 75' lang='lat' dir='ltr'><strong>Jupiter</strong></span> <span class='ocrx_word' id='word_1_435' title='bbox 2763 4077 2991 4138; x_wconf 75' lang='lat' dir='ltr'><strong>Casius</strong></span> <span class='ocrx_word' id='word_1_436' title='bbox 3007 4085 3380 4147; x_wconf 81' lang='lat' dir='ltr'><strong>recurrunt,</strong></span> <span class='ocrx_word' id='word_1_437' title='bbox 3401 4086 3468 4136; x_wconf 90' lang='lat' dir='ltr'><strong>et</strong></span> <span class='ocrx_word' id='word_1_438' title='bbox 3481 4053 3671 4135; x_wconf 88' lang='lat' dir='ltr'><strong>dubi-</strong></span> 
     </span>
    </p>
   </div>
   <div class='ocr_carea' id='block_1_35' title="bbox 3325 4284 3631 4304">
    <p class='ocr_par' dir='ltr' id='par_1_39' title="bbox 3325 4284 3631 4304">
     <span class='ocr_line' id='line_1_75' title="bbox 3325 4284 3631 4304; baseline 0 1546"><span class='ocrx_word' id='word_1_439' title='bbox 3325 4284 3631 4304; x_wconf 95' lang='lat' dir='ltr'><strong> </strong></span> 
     </span>
    </p>
   </div>
   <div class='ocr_carea' id='block_1_36' title="bbox 2668 4391 3659 4494">
    <p class='ocr_par' dir='ltr' id='par_1_40' title="bbox 2668 4391 3659 4494">
     <span class='ocr_line' id='line_1_76' title="bbox 2668 4391 3659 4494; baseline -0.006 -33"><span class='ocrx_word' id='word_1_440' title='bbox 2668 4461 2681 4474; x_wconf 75' lang='lat'><strong>,</strong></span> <span class='ocrx_word' id='word_1_441' title='bbox 2740 4397 2812 4482; x_wconf 71' lang='grc' dir='ltr'><strong>ΙΡ)</strong></span> <span class='ocrx_word' id='word_1_442' title='bbox 2857 4391 3112 4494; x_wconf 76' lang='lat' dir='ltr'><strong>Reland.</strong></span> <span class='ocrx_word' id='word_1_443' title='bbox 3150 4392 3401 4462; x_wconf 64' lang='lat' dir='ltr'><strong>palaest.</strong></span> <span class='ocrx_word' id='word_1_444' title='bbox 3441 4396 3659 4493; x_wconf 53' lang='lat' dir='ltr'><strong>illustr,</strong></span> 
     </span>
    </p>
   </div>
   <div class='ocr_carea' id='block_1_37' title="bbox 2992 4553 3315 4654">
    <p class='ocr_par' dir='ltr' id='par_1_41' title="bbox 2992 4553 3315 4654">
     <span class='ocr_line' id='line_1_77' title="bbox 2992 4553 3315 4654; baseline 0 -10"><span class='ocrx_word' id='word_1_445' title='bbox 2992 4553 3315 4654; x_wconf 17' lang='lat' dir='ltr'><strong>iza„</strong></span> 
     </span>
    </p>
   </div>
   <div class='ocr_carea' id='block_1_38' title="bbox 3017 2859 3758 2933">
    <p class='ocr_par' dir='ltr' id='par_1_42' title="bbox 3017 2859 3758 2933">
     <span class='ocr_line' id='line_1_78' title="bbox 3017 2859 3758 2933; baseline 0 -14"><span class='ocrx_word' id='word_1_446' title='bbox 3017 2859 3469 2933; x_wconf 75' lang='lat' dir='ltr'><strong>Mazzocbius,</strong></span> <span class='ocrx_word' id='word_1_447' title='bbox 3514 2878 3665 2923; x_wconf 89' lang='lat' dir='ltr'><strong>cum</strong></span> <span class='ocrx_word' id='word_1_448' title='bbox 3752 2914 3758 2919; x_wconf 88' lang='lat'><em>.</em></span> 
     </span>
    </p>
   </div>
  </div>
 </body>
</html>
