4575 5850
1114 470 1492 546 REGES
1544 471 1914 548 PONTI
1963 471 2112 546 ΕΤ
2161 470 2693 547 BOSPORI.

396 645 603 722 capue
675 644 917 706 merea·
974 648 1142 707 tam.
1207 640 1256 703 κ
1301 636 1885 709 ΒΑΣῙΛῙΣΣΑ..

307 736 908 805 ΠΤΘΟΔΩΡῙΣ.
938 734 1281 809 ΕΤΟΤΣ.
1319 740 1398 807 Ξ.
1434 750 1699 810 Bilanoe.
1733 745 1867 812 AR.

304 845 423 917 111.
458 842 733 927 (Seguin
763 844 957 908 Num.
990 846 1108 908 ael.
1141 867 1206 929 p.
1241 846 1377 926 45.)
1540 878 1545 882 ·

343 972 351 981 ·
397 946 720 1030 Seguinus
774 955 842 1006 et
886 945 1310 1024 Vaillantiua,
1357 967 1504 1010 cum
1551 947 1616 1010 in
1669 966 1887 1031 numo,

308 1048 394 1109 11.
448 1065 583 1108 non
647 1045 801 1109 satis
865 1045 1129 1129 integro
1187 1070 1312 1132 pro
1372 1044 1715 1129 ETOTE.
1776 1049 1871 1112 le-

312 1147 604 1232 gendum
662 1158 969 1228 putarent
1014 1142 1434 1226 KOTTOE,
1492 1169 1628 1211 non
1686 1148 1875 1212 dubi-

311 1254 541 1311 tavere
592 1266 742 1311 eum
797 1247 1090 1312 tribuere
1148 1246 1325 1312 filiae
1384 1236 1872 1332 Pythodoridos

313 1369 713 1432 anonymae,

312 1450 643 1515 Thraciae
702 1451 850 1534 regi
914 1465 1183 1531 nuptam
1217 1449 1395 1530 dixi,
1440 1466 1867 1516 censuerunt·

311 1571 483 1637 que,
544 1565 772 1633 patere
832 1572 916 1614 ex
978 1551 1106 1615 boc
1152 1572 1388 1630 numo,
1432 1552 1608 1616 filiae
1652 1553 1869 1639 perin-

193 1699 219 1719 .
318 1654 404 1716 de
455 1670 532 1715 ac
574 1650 766 1713 matri
810 1652 1013 1717 fuisse
1071 1674 1315 1736 nomen
1358 1653 1867 1738 Pythodoridos.

319 1754 555 1817 Serius
594 1752 872 1816 collatus
912 1752 1097 1836 prior
1133 1757 1600 1840 integerrimus
1633 1775 1714 1818 ex
1737 1777 1873 1818 rnu-

302 1864 442 1920 &eo
489 1854 894 1932 Rothelinii,
938 1856 1049 1941 qui
1097 1856 1504 1920 luculentum
1547 1851 1873 1918 ETo'rz:

324 1953 630 2032 exhibet,
704 1952 973 2018 alterius
1043 1978 1305 2043 quoque
1366 1958 1720 2022 lectionem
1781 1978 1877 2021 sa·

319 2059 528 2122 navit.
614 2059 882 2119 Certum
929 2059 1153 2143 igitur,
1196 2080 1462 2123 numum
1509 2059 1683 2123 hunc
1728 2052 1874 2124 ease

319 2155 810 2241 Pythodoridos
831 2160 1162 2224 Ponticae.
1210 2158 1384 2230 Vide
1414 2159 1497 2223 de
1529 2159 1657 2223 hoc
1686 2159 1878 2245 plura

323 2258 500 2346 apud
531 2257 908 2322 Bimardum
941 2260 1030 2342 Β).
1754 2252 1763 2259 “

408 2365 498 2427 At
580 2359 974 2444 pertinacius
1033 2360 1466 2448 disputatum,
1545 2361 1730 2446 cujus
1788 2361 1871 2424 ait

326 2479 527 2549 caput
582 2464 762 2526 numi
818 2461 1096 2547 prioris,
1143 2485 1223 2526 an
1266 2463 1587 2542 Augusti,
1634 2484 1712 2525 an
1762 2462 1874 2525 'ri-

323 2563 543 2639 berii,
599 2562 683 2628 de
743 2583 873 2646 quo
932 2563 1079 2627 vide
1126 2562 1559 2628 disserentem
1605 2564 1876 2628 Soucie·

325 2684 471 2734 tum
500 2660 605 2751 ιι),
650 2665 762 2746 qui
806 2677 1023 2727 tamen
1068 2665 1313 2729 mavult
1353 2665 1631 2749 perinde
1686 2684 1761 2728 ac
1802 2663 1871 2726 in

327 2771 546 2835 altero
592 2764 930 2832 Tiberium
992 2785 1380 2851 agnoscere.
1464 2767 1714 2835 Verum
1774 2784 1876 2828 ae-

327 2871 619 2937 cundum
676 2868 1061 2943 iconismos,
1122 2887 1287 2952 quos
1347 2867 1659 2949 Belleyus
1720 2883 1874 2931 suae

330 2974 418 3050 de
451 2969 939 3054 Pythodoridoa
983 2972 1194 3031 numia
1224 2968 1663 3033 dissertationi
1693 2988 1879 3053 prae·

328 3077 479 3142 fixit
524 3071 614 3153 i),
677 3092 912 3134 numus
972 3071 1159 3151 prior
1216 3070 1649 3134 indubitatum
1710 3071 1880 3132 sistit

230 3149 293 3172 μ’
332 3189 531 3261 eaput
566 3171 876 3258 Augusti,
922 3169 1090 3235 aiter
1122 3172 1408 3252 Tiberii.
1463 3171 1663 3236 Addit
1702 3171 1876 3235 idem

332 3279 510 3345 infra
536 3274 643 3357 Β),
699 3299 733 3339 a
780 3271 936 3337 viris
979 3273 1185 3335 multo
1229 3273 1294 3335 in
1329 3295 1402 3337 re
1433 3273 1877 3337 numismatica

334 3403 462 3446 usu
510 3373 884 3444 exercitatis
931 3373 1295 3457 Augustum
1341 3376 1407 3438 iu
1459 3397 1659 3439 numo
1692 3397 1883 3461 prae-

336 3484 619 3547 cedente
666 3478 984 3563 agnitum.
1069 3478 1166 3538 Ea
1225 3477 1305 3539 lis
1346 3478 1555 3542 otiosa
1594 3498 1726 3539 non
1759 3488 1879 3551 cst,

336 3603 489 3646 nam
537 3598 840 3662 magnum
891 3593 1294 3641 momentum
1341 3578 1599 3642 confert
1645 3576 1727 3638 ad
1773 3597 1882 3639 ex·

337 3682 713 3771 plicandum
748 3701 987 3760 annum
1017 3676 1068 3742 Ξ
1098 3681 1314 3745 numia
1344 3677 1884 3776 his-inscriptum,

340 3784 427 3854 ul
456 3804 650 3869 quem
682 3781 880 3846 modo
910 3780 1284 3867 aggredior.

427 3883 531 3946 Ad
574 3905 808 3946 anuum
857 3905 1023 3970 ergo
1065 3879 1155 3960 Ξ,
1206 3882 1348 3956 60..
1409 3880 1588 3966 quod
1633 3879 1886 3956 attinet,

334 4005 497 4056 eum
554 3985 899 4050 Soucietua
957 3983 1039 4047 ab
1094 4003 1264 4046 anno
1320 3983 1405 4051 V.
1463 3983 1537 4049 C.
1582 3982 1732 4064 7¹3·
1777 3980 1889 4043 de-

340 4090 563 4164 ducit,
621 4107 751 4170 quo
796 4087 1225 4151 Polemonem
1271 4085 1323 4150 1.
1376 4096 1527 4169 post
1569 4084 1886 4166 praelium

340 4177 785 4273 Philippense*
830 4209 866 4249 a
921 4190 1016 4253 Μ.
1068 4187 1355 4250 Antonio
1398 4187 1643 4250 dictum
1690 4186 1888 4247 Ponti
1964 4221 1969 4226 -

536 4401 637 4475 ,8)
676 4400 777 4459 Ad
824 4400 1046 4459 Iobcrt.
1090 4398 1161 4458 Τ.
1204 4397 1277 4458 11.
1317 4419 1380 4477 p.
1424 4402 1555 4462 345.
1658 4398 1724 4471 b)
1763 4400 1898 4475 Pag.
1928 4408 2018 4463 29.
2049 4412 2110 4459 et
2137 4405 2229 4463 38.

280 4501 297 4510 ”
344 4497 437 4555 78.
549 4491 601 4564 1)
639 4489 736 4550 Ad
770 4489 999 4552 lobert.
1028 4490 1103 4549 T.
1126 4487 1200 4548 II·
1229 4507 1295 4566 p.
1322 4492 1473 4554 345?
1528 4486 1609 4565 ΙΙ)
1637 4488 1787 4567 ch.
1813 4490 1992 4565 Boap.
2022 4510 2087 4569 p.
2118 4499 2243 4555 151.

3348 486 3489 550 371

1938 661 2169 725 regem
2244 654 2521 707 conatur
2580 641 2909 706 evincere.
2995 641 3183 705 Hanc
3253 637 3492 704 deinde

1942 764 2161 808 aeram
2238 742 2320 806 ab
2396 762 2606 805 uxore
2677 741 3129 826 Pythodoride
3201 741 3498 806 continu-

1945 858 2152 920 atam,
2213 845 2308 908 sic
2381 859 2454 907 ut
2496 864 2701 906 annus
2745 840 2796 905 Ξ
2836 858 3028 905 exeat
3072 841 3138 926 in
3181 854 3492 905 autumno
3566 856 3572 861 '

1943 945 2027 1011 V.
2071 946 2145 1007 C.
2177 945 2332 1026 773.
2373 944 2533 1026 Ejus
2573 946 2935 1008 sententiae
2976 943 3251 1007 accessit
3302 943 3498 1008 etiam

1939 1048 2115 1111 Baro
2145 1045 2495 1129 Bimardus
2549 1041 2620 1130 ι).
2665 1047 2935 1112 Causam
2977 1067 3158 1109 suam
3208 1046 3333 1110 etsi
3369 1068 3501 1110 ma·

1943 1147 2089 1233 gnis
2149 1147 2527 1223 conatibus,
2586 1162 2656 1212 et
2717 1168 2844 1234 per
2895 1148 3130 1230 longas
3186 1146 3496 1230 ambages

1940 1262 2205 1315 tueatur
2250 1249 2634 1325 Soucietus,
2677 1262 2902 1312 tamen
2937 1248 3231 1312 eruditos
3265 1267 3496 1312 omnes

819 1371 1010 1436 quam
1121 1370 1276 1412 mox
1379 1372 1574 1436 supra
1684 1352 1875 1434 Cotyi
1943 1348 2232 1414 nondum
2294 1363 2522 1413 nactus
2588 1363 2690 1415 eat
2734 1349 3244 1415 consentientes.
3327 1351 3493 1413 Nam

1938 1450 2117 1538 quod
2176 1451 2334 1525 ille,
2395 1450 2992 1531 Reineccium,qut
3051 1449 3352 1527 videtur,
3395 1472 3496 1516 se·

1938 1568 2164 1630 cutus,
2240 1551 2628 1616 Polemonis
2710 1554 2759 1617 Ι.
2832 1570 3111 1634 regnum
3181 1551 3263 1614 ab
3323 1573 3494 1619 anno

1938 1652 2086 1738 7¹3·
2190 1651 2485 1730 orditur,
2576 1674 2704 1716 una
2804 1652 3182 1736 conjectura
3243 1653 3497 1716 nititur.

1944 1754 2074 1820 Atii
2133 1756 2305 1820 istud
2367 1754 2578 1818 serius
2634 1752 2874 1816 factum
2935 1767 3161 1837 putant
3220 1768 3495 1839 propter

1945 1859 2180 1921 merita
2246 1854 2450 1943 patris
2507 1854 2795 1921 Zenonis
2854 1856 2923 1917 in
2965 1856 3147 1920 bello
3191 1855 3493 1931 Labieni,

1947 1958 2060 2042 qui
2117 1961 2198 2024 V.
2259 1958 2336 2023 C.
2396 1963 2545 2037 7¹4·
2649 1955 2844 2019 Asiae
2887 1956 3259 2039 provincias
3306 1977 3498 2023 vexa-

1948 2060 2070 2124 vit.
2155 2060 2245 2122 Et
2283 2075 2440 2122 vero
2473 2056 2912 2134 Frostichtus,
2958 2057 3065 2122 cui
3096 2058 3318 2142 ignota
3362 2078 3492 2122 non
3552 2134 3560 2143 .

1949 2160 2178 2237 suere,
2237 2178 2404 2244 quae
2464 2159 2809 2222 Soucietus
2868 2159 3346 2245 disputaverat,
3404 2172 3501 2223 ta-

1942 2282 2094 2324 men
2155 2262 2440 2335 fatetur,
2506 2280 2577 2323 se
2624 2255 2899 2323 definire
2942 2280 3075 2323 non
3121 2282 3357 2344 posse,
3406 2262 3490 2324 an

1942 2362 2051 2427 hic
2099 2378 2305 2425 annus
2362 2357 2414 2423 Ξ
2455 2359 2540 2423 ait
2586 2359 2814 2445 regni,
2868 2359 3202 2447 velyitae
3250 2365 3493 2445 Pytho·

1944 2462 2249 2537 doridos,
2309 2461 2414 2526 vel
2473 2460 2742 2525 alterius
2787 2462 3079 2542 epochae
3108 2466 3212 2549 Ι11),
3275 2466 3345 2526 Si
3391 2483 3498 2530 ve..

1943 2585 2091 2626 rum
2150 2577 2285 2639 est,
2345 2559 2526 2647 quod
2563 2560 2997 2637 ,confidenter
3052 2564 3295 2629 adserit
3338 2569 3493 2632 Bel-

1944 2663 2164 2747 leyus,
2210 2666 2277 2726 in
2327 2681 2525 2727 numo
2564 2663 2793 2747 priore
2839 2681 3227 2751 esse-caput
3272 2670 3498 2775 Augu·

1946 2767 2061 2841 sti,
2136 2768 2206 2827 in
2276 2765 2488 2828 altero
2549 2763 2841 2840 Tiberii,
2902 2767 3116 2831 omnis
3177 2769 3490 2834 continuo

1947 2865 2301 2942 difficultas
2363 2864 2715 2932 evanescit.
2816 2867 2980 2931 Nam
3047 2890 3198 2935 cum
3259 2872 3498 2937 utrius-

1949 2990 2078 3054 que
2146 2990 2349 3032 numo
2419 2967 2595 3031 idem
2673 2990 2876 3036 annus
2957 2966 3010 3032 Ξ
3079 2971 3497 3051 inscribatur,

1948 3085 2162 3156 patet,
2207 3071 2493 3135 eundem
2543 3092 2780 3134 annum
2830 3069 3492 3158 fuisse‘postremum

1953 3170 2267 3256 Augusti,
2315 3175 2599 3256 primum
2646 3172 2933 3249 Tiberii,
3001 3193 3194 3256 quem
3243 3192 3501 3243 constat

1949 3272 2156 3335 fuisse
2200 3274 2284 3340 V.
2335 3275 2409 3339 C.
2458 3276 2640 3359 767„
2683 3288 2751 3337 et
2784 3285 3125 3355 praeterea
3160 3259 3501 3363 utriusque

1951 3376 2167 3446 numi,
2230 3374 2315 3437 de
2373 3394 2503 3457 quo
2558 3376 2847 3460 agimus,
2905 3377 3221 3453 natalem,
3278 3401 3316 3441 a
3369 3401 3501 3465 quo

1955 3475 2009 3537 si
2056 3476 2424 3540 auferamus
2475 3497 2679 3539 annos
2727 3477 2859 3554 60„
2920 3477 3166 3542 erimus
3213 3479 3279 3541 in
3329 3498 3502 3543 anuo

1952 3576 2040 3643 V.
2078 3579 2147 3640 C.
2199 3595 2392 3664 707„¹
2449 3575 2627 3660 quod
2666 3577 2909 3661 justum
2952 3598 3106 3664 sane
3152 3595 3295 3642 erat
3351 3600 3506 3646 cou-

1954 3678 2319 3745 stituendae
2370 3677 2439 3739 in
2478 3682 2693 3743 Ponto
2741 3699 2966 3762 novae=
3000 3680 3294 3766 epochae
3341 3696 3508 3746 tem-

1957 3801 2109 3865 pus;
2153 3801 2306 3842 nam
2343 3780 2582 3844 eodem
2611 3802 2783 3847 anno
2812 3783 3022 3848 victus
3056 3796 3157 3845 est
3187 3806 3223 3846 a
3258 3784 3308 3849 1.
3342 3783 3504 3849 Cae-

1957 3902 2104 3945 sare
2160 3881 2532 3970 Pharnaces
2577 3886 2698 3961 11.,
2755 3882 2869 3969 qui
2911 3882 3071 3946 inde
3125 3882 3205 3945 ab
3253 3884 3507 3970 aliquot

1957 3985 2139 4048 annis
2173 3979 2693 4072 Ponti‘regnum
2733 3999 3198 4071 usurpaverat,
3241 3999 3310 4051 et
3360 4007 3507 4051 cru·

1959 4084 2409 4174 deliimperio
2450 4102 2859 4156 exercuerat.

2045 4185 2179 4251 Sed
2240 4206 2457 4271 neque
2519 4189 2657 4273 typi
2717 4190 3125 4272 capricorni,
3183 4200 3251 4252 et
3291 4188 3506 4252 bilan-

2345 4400 2395 4475 i)
2432 4402 3035 4481 B.1..·1·.xx1V.p.
3068 4409 3159 4466 ω.
3258 4400 3325 4475 ιι)
3361 4403 3507 4481 1²23.
3615 4357 3623 4365 ¹

2881 4593 3109 4656 Δια,
