4575 5850
1020 542 1167 625 486

1024 710 1372 789 scribitur,
1432 731 1580 779 eum
1627 712 1780 778 satis
1838 734 1924 777 ex
1978 729 2167 799 typo.
2241 719 2417 802 quis,
2457 716 2561 793 sit,

1023 809 1452 897 intelligatur.
1570 816 1700 878 lam
1788 837 1983 901 supra
2059 817 2123 878 in
2196 818 2560 881 autonomis

1022 928 1411 994 expressum
1444 914 1743 986 vidimus.
1788 921 1863 980 In
1909 918 2121 980 numia
2151 920 2346 1003 hujus
2401 921 2563 983 clas·

1023 1011 1148 1076 sis:
1208 1016 1359 1092 Ipse
1407 1022 1633 1079 sedena
1681 1029 1883 1082 tectus
1915 1023 2093 1099 pileo
2137 1025 2415 1102 Phaeyqio
2459 1042 2564 1082 su·

1017 1134 1135 1193 per
1180 1136 1365 1193 rupe,
1400 1122 1610 1195 sumta
1653 1123 1881 1202 aquila
1919 1122 2261 1199 fallaciter
2294 1123 2565 1182 adblan-

1022 1218 1244 1293 diens,
1279 1215 1644 1279 Commodi.
1701 1254 1791 1267 —
1828 1223 1976 1297 Ipse
2021 1224 2105 1281 ab
2153 1226 2381 1306 aquila
2430 1244 2566 1284 aur·

1029 1338 1169 1380 aum
1188 1320 1442 1397 fertur,
1481 1318 1711 1382 Getae.
1746 1319 1997 1399 (Vaill.)

1084 1414 2565 1486 ANxechc.A‹1>POA(-:1TH.1A1(-:.QN.

1026 1523 1339 1583 Anchises
1377 1531 1445 1584 et
1491 1523 1701 1582 Venus
1749 1529 1992 1582 stantes
2026 1526 2320 1603 fumat
2349 1529 2565 1586 dexte·

1025 1639 1175 1695 ras,
1235 1618 1507 1701 insignis
1547 1622 1782 1682 numnis
1831 1622 2152 1691 Domnae.
2210 1623 2560 1704 (Pellerin.

1025 1721 1190 1784 Rec.
1220 1722 1327 1781 111.
1358 1743 1424 1805 p.
1455 1722 1637 1803 243.)

1111 1816 1459 1884 ΕΚΤΩΡ.
1498 1815 1868 1883 ΙΛῙΕΩΝ.
1905 1824 2138 1884 Hector
2165 1825 2464 1884 horridus
2492 1827 2564 1884 iu

1026 1924 1228 1983 armis
1259 1933 1473 1984 vectus
1520 1924 1591 1985 in
1631 1925 1780 1983 citis
1812 1925 2182 2003 quadr-iqia,
2227 1923 2408 1983 numi
2450 1921 2564 1985 ob·

1024 2020 1116 2082 vii
1163 2040 1285 2102 per
1326 2020 1540 2084 varios
1588 2021 1791 2103 impp.
1854 2022 1925 2082 ln
1957 2021 2124 2084 alioz
2172 2024 2408 2086 Hector
2441 2045 2562 2103 pro

1021 2128 1202 2185 cacat·
1229 2126 1511 2186 Patrocli
1538 2126 1851 2185 cadavere
1879 2125 2199 2185 dimicans
2215 2164 2232 2197 ,
2265 2122 2562 2186 Macrini.

1023 2222 1224 2301 (uns.
1260 2223 1554 2308 Albani.)
1601 2226 1856 2307 Typum
1889 2223 2202 2286 Hectoris
2229 2215 2564 2286 diversum

1025 2321 1176 2385 vide
1209 2323 1380 2386 infra
1414 2325 1481 2386 in
1514 2323 1789 2408 epocha.

1108 2425 1310 2486 'Peste
1360 2422 1646 2487 Maximo
1697 2424 1903 2505 Tyrio
1949 2423 2266 2489 creditum
2310 2422 2559 2487 Iliensi·

1020 2523 1181 2600 bus,
1237 2526 1614 2625 Hectorem..
1654 2525 1778 2586 etsi
1830 2525 1962 2589 vita
2002 2525 2297 2589 functum
2342 2524 2406 2586 in
2453 2547 2563 2609 pa·

1021 2624 1144 2687 tria
1205 2644 1320 2687 aua
1378 2638 1753 2688 constanter
1796 2643 2226 2709 permanere,
2272 2645 2557 2711 eumque

1020 2723 1315 2808 conspici
1372 2723 1714 2789 salientem
1772 2745 1898 2809 per
1949 2745 2249 2810 campos,
2309 2741 2379 2789 et
2434 2725 2559 2791 ful·

1020 2838 1367 2907 gut-autem
1404 2828 1512 2909 ¹¹⁸).

1106 2932 1370 2993 Fluctua
1439 2927 1840 2992 Scamander
1894 2923 2278 2992 inscribitur
2343 2929 2556 2991 numia

1017 3027 1346 3103 Neronis,
1387 3025 1786 3103 Britannici,
1815 3026 2109 3103 Aurelii,
2157 3028 2555 3105 caracallae,

1017 3126 1254 3193 Getae.
1295 3122 1988 3203 ΣΚΑΜΑΝΔΡΟΣ.
2020 3123 2561 3212 {summun-

1018 3234 1164 3293 οδω
1234 3235 1628 3294 decumbam
1747 3226 2216 3293 Scamandrum
2283 3245 2563 3313 propter

1007 3330 1214 3396 -llium
1269 3328 1538 3395 fluxisse
1584 3342 1875 3406 constat,
1916 3349 2049 3393 non
2092 3341 2311 3392 tamen
2354 3331 2562 3393 inser·

1017 3446 1124 3497 tus
1181 3448 1284 3497 est
1323 3432 1539 3496 nnmis
1581 3430 1663 3494 ad
1704 3428 2123 3495 indicandum
2168 3430 2403 3507 situm,
2450 3452 2562 3496 cu·

1016 3535 1122 3632 jus
1180 3535 1349 3598 ratio
1415 3553 1549 3596 non
1608 3531 1770 3609 fuit,
1814 3531 1936 3616 aed
1976 3530 2156 3616 quod
2198 3531 2310 3595 dei
2350 3533 2561 3596 instar

1018 3655 1154 3700 uon
1197 3634 1279 3698 ab
1321 3631 1650 3718 indigenis
1691 3632 1931 3710 modo,
1983 3629 2101 3695 sed
2146 3646 2214 3695 et
2254 3633 2338 3696 ab
2383 3648 2564 3697 exte·

1015 3736 1113 3797 ris
1167 3734 1426 3798 babitus
1487 3747 1622 3807 est,
1700 3745 1770 3796 et
1839 3732 1922 3795 ab
1991 3734 2291 3798 Homero
2358 3755 2567 3818 μετγας

1022 3835 1187 3911 θεας,
1216 3832 1528 3909 &Sarnos
1578 3836 1724 3908 920,-
1756 3832 2000 3897 dicitnr
2027 3837 2112 3914 ¹²).
2156 3832 2342 3896 Idem
2364 3834 2562 3897 etiam

1019 3935 1090 3996 in
1161 3933 1379 3997 numia
1442 3933 2012 4018 Germanicopolis
2071 3933 2565 4020 Paphlagoniae

1022 4048 1093 4098 et
1127 4034 1366 4118 Cymes
1397 4027 1693 4100 Aeolidis
1727 4036 2159 4119 proponitur,
2202 4034 2324 4098 sed
2354 4037 2564 4098 nomi·

1019 4154 1110 4201 ne
1152 4134 1431 4214 Xanthi,
1488 4133 1669 4222 quod
1722 4135 1788 4198 ei
1841 4132 2047 4202 fluvio
2091 4156 2354 4242 quoque
2397 4135 2564 4199 indi·
2622 4161 2629 4168 ·

2139 524 3068 618 TROAS.

2634 730 2772 777 tum
2817 715 2974 790 fuit,
3021 713 3104 777 de
3135 735 3263 797 quo
3293 712 3590 798 pluribus
3623 714 3735 801 egi
3762 714 3833 776 in
3862 713 4025 778 meis
4056 738 4167 780 nu·

2634 817 2754 879 mis
2788 818 3062 881 veterib.
3095 837 3160 899 Ρ.
3203 835 3340 896 ¹7⁰·

2722 924 3044 996 Epoclaeam
3086 918 3210 980 sibi
3264 918 3490 981 videre
3541 917 3714 978 visus
3750 932 3854 981 est
3888 917 4169 986 Vaillan·

2635 1019 2764 1082 tius
2824 1020 2888 1080 in
2936 1040 3130 1082 nun-o
3174 1020 3509 1093 Domnae:
3555 1012 3924 1078 IAIGssN.
3971 1014 4167 1084 AOC.

2636 1134 2702 1182 at
2744 1121 2995 1203 primus
3040 1139 3181 1183 eam
3228 1120 3632 1204 impugnavit
3693 1116 3989 1181 eruditus
4029 1121 4173 1183 Wi-

2637 1238 2708 1280 se
2741 1227 2838 1304 0),
2900 1234 3205 1298 testatus,
3263 1244 3299 1282 a
3359 1219 3614 1283 celebri
3674 1220 4007 1295 Massonio
4057 1241 4172 1282 nu·

2640 1342 2852 1396 mum,
2912 1320 3023 1405 qui
3080 1322 3147 1383 in
3209 1341 3372 1403 gaza
3422 1322 3603 1405 regis
3642 1321 4005 1383 Galliarum
4066 1339 4178 1383 ex·

2640 1437 2799 1497 stat,
2842 1421 2921 1482 ad
2968 1440 3243 1485 examen
3289 1432 3618 1497 vocatum,
3676 1420 3758 1484 ab
3819 1439 4033 1506 eoque
4079 1419 4175 1482 di·

2637 1523 2870 1586 stincte
2916 1522 3175 1583 lectum'
3202 1517 3395 1582 ΑΘΕ
3440 1540 3563 1604 pro
3607 1518 3780 1583 Aoc
3813 1520 4176 1587 Vaillantii.

2638 1625 2816 1685 quta
2862 1642 3133 1685 examen
3180 1618 3457 1685 alterum
3502 1645 3539 1685 a
3579 1620 3941 1684 Pellerinio
3991 1620 4176 1681 insti·

2638 1736 2845 1785 tutum
2890 1723 3138 1806 legitur
3180 1717 3553 1784 ΙΛῙΕΩΝ.
3585 1721 3616 1779 Ῑ
3643 1754 3673 1769 ·
3702 1754 3730 1766 -
3762 1719 3962 1807 AOC.
3992 1720 4172 1805 quod

2637 1822 2905 1906 conjicit
2968 1819 3329 1902 legendum
3400 1813 3785 1897 IOTAOC,
3861 1819 3978 1904 qui
4052 1819 4179 1883 fuit

2634 1926 2896 1987 Aeneae
2939 1918 3114 1984 filius
3144 1924 3226 2000 Ρ).
3303 1910 3489 1984 Alius
3518 1918 3829 2003 *ejusdem
3874 1920 4177 1982 Domnae

2632 2043 2845 2106 nuper
2888 2041 3116 2087 museo
3160 2023 3483 2085 Caesareo
3525 2020 3746 2085 illatus
3788 2036 3909 2099 est,
3950 2022 4022 2083 in
4067 2043 4179 2086 cu·

2634 2124 2735 2201 ius
2780 2144 3005 2188 aversa
3055 2118 3399 2184 GKTQP.
3445 2117 3581 2181 ῙΛΙ
3624 2153 3648 2169 ·
3676 2153 3708 2190 ,-
3753 2116 3985 2186 AQN.
4017 2126 4183 2187 Hec-

2633 2236 2734 2288 tor
2785 2229 3089 2307 quleatm
3104 2267 3123 2300 ,
3180 2233 3392 2286 cetera
3445 2226 3657 2284 nudus
3675 2264 3694 2297 ,
3762 2242 3817 2285 a.
3882 2226 4175 2303 clypeam

2621 2329 3051 2407 praetendens
3071 2368 3089 2401 ,
3175 2328 3241 2387 d.
3326 2327 3580 2385 hastam
3639 2325 3902 2384 vibrans
3960 2326 4178 2387 irruit.

2632 2425 2898 2486 Literae
2973 2422 3231 2485 mediae
3290 2438 3421 2482 non
3481 2421 4006 2502 distinguuntur,
4054 2421 4172 2484 sed

2626 2525 2958 2610 reliquae,
3000 2542 3076 2587 ac
3120 2522 3470 2606 praecipue
3516 2516 3752 2588 ΔΩΝ.
3794 2521 4176 2584 luculentae

2631 2638 2801 2691 sunt.
2885 2627 2959 2687 In
3003 2642 3200 2685 numo
3246 2621 3454 2685 Getae
3513 2620 3795 2708 catalogi
3854 2623 4181 2706 d'Ennery

2628 2747 2690 2809 Ρ.
2734 2722 2883 2801 546.
2927 2723 3173 2806 legitur
3216 2717 3600 2784 ῙΛΙΗΩΝ.
3644 2713 3844 2793 AAI.
3919 2727 4177 2787 Harum

2629 2845 2758 2909 ego
2815 2826 3155 2888 literarum
3220 2820 3729 2907 explicationem
3785 2845 3919 2888 non
3966 2837 4174 2900 tento,

2629 2929 2780 3013 quia
2872 2927 3014 2990 veri
3108 2924 3492 3010 aenigmatis
3561 2923 3829 2988 modum
3904 2924 4173 2989 babent.

2632 3030 2717 3090 At
2748 3021 3199 3092 istud'saltem
3231 3042 3519 3104 certum,
3562 3027 3660 3089 uti
3704 3028 4023 3111 epocham
4057 3045 4174 3089 no·

2630 3142 2774 3192 tare
2832 3150 2964 3194 non
3021 3143 3327 3215 possunt,
3393 3128 3667 3191 ita·eam
3711 3147 3931 3214 neque
3975 3127 4044 3189 in
4090 3126 4181 3191 al·

2633 3244 2780 3293 tero
2811 3229 3147 3299 Vaillantii
3180 3228 3593 3314 opinandum.

2631 3335 2780 3397 ΑΕ.
2815 3334 2894 3395 a.
3376 3311 3387 3334 ³

3124 3497 3348 3561 OPHB
3360 3498 3662 3561 YNWM.

2717 3635 2937 3716 Prope
2981 3631 3379 3698 Dardanum.

2717 3737 3070 3798 autonomi
3087 3757 3113 3797 .-

2724 3838 2927 3912 Caput
2971 3836 3308 3897 adven-m
3344 3835 3677 3913 auleatum
3724 3834 4089 3894 barbatum.
4131 3827 4176 3888 Ξ

2634 3926 2919 3997 ΟΦΡΤ.
2979 3936 3095 3995 Vir
3139 3937 3350 3996 nudus
3382 3934 3757 4013 yemtfiem
3806 3934 3871 3995 d.
3932 3933 4179 3994 botrata

2624 4036 3009 4118 praetendit.
3053 4033 3195 4095 ΔΕ.
3231 4034 3347 4096 111.
3381 4031 3646 4114 (noym.
3670 4030 4025 4111 Pellerin.)

2719 4135 2932 4202 Recte
3004 4132 3319 4217 Haymius
3390 4129 3648 4209 statuit,
3726 4131 3944 4216 capite
4018 4132 4178 4195 anti·

1225 4457 1590 4534 nynissert.
1624 4478 1704 4519 m.
1739 4457 1874 4529 XV.
1908 4454 2039 4518 sub.
2074 4452 2176 4517 fin.
2289 4457 2358 4531 ¹¹)
2393 4456 2470 4525 Il·
2512 4415 2629 4527 Φ.
2653 4459 2786 4538 2489
2821 4467 2882 4517 ct
2915 4462 3048 4522 38οο

1027 4548 1106 4612 11.
1139 4569 1205 4629 p.
1239 4557 1367 4615 321.

2359 4651 2377 4729 ἱ

3149 4422 3211 4528 ο)
3248 4453 3398 4512 uus.
3434 4449 3615 4515 Bodl.
3630 4470 3694 4528 p.
3714 4458 3845 4516 20⁵.
3946 4451 4015 4524 ι»)
4033 4447 4171 4510 ιω.
