4575 5850
1961 470 2359 546 ACH

849 649 1130 734 positum
1152 688 1169 719 ‚
1215 659 1284 710 ut
1315 639 1888 725 monogrammatis
1921 662 2160 704 nomen
2197 662 2386 703 suum

851 755 919 814 in
996 763 1261 813 moneta
1343 745 1746 820 indicarent,
1810 742 1984 827 quod
2016 777 2031 810 s
2059 740 2390 805 docebunt

835 496 979 560 2³0

2450 470 2847 590 ⁵AIA.

2465 641 2619 718 bes,
2677 662 2843 725 quae
2890 659 3004 702 eos
3049 639 3494 721 signaverunt.
3565 638 3819 703 Harum
3861 661 4004 705 cer·

2464 759 2592 806 tam
2670 742 2987 819 habemus
3053 741 3334 825 Aegium
3394 759 3520 825 per
3579 760 3819 806 nomeu
3852 743 4002 805 ,ΑΙ-

846 867 1112 940 praeter
1190 847 1488 924 Achaeos
1576 844 1768 907 etiam
1840 847 2111 918 Patrae,
2192 849 2391 905 Arca·
2458 840 2519 905 Γ
2522 839 2792 908 temN.
2839 845 3056 909 Etiam
3093 864 3163 903 το
3200 842 3453 928 9οΡ.,
3499 844 3676 926 quod
3714 844 3783 906 in
3815 864 3998 909 sver-

853 954 1005 1030 des,
1079 950 1441 1034 Epidaurus
1522 960 1648 1011 etc.
1687 956 1699 985 ²
1732 948 1805 1007 In
1878 944 2201 1029 aliquibus
2255 943 2394 1025 pri·

851 1076 1027 1117 mum
1102 1053 1315 1136 gentis
1372 1051 1772 1114 elementum
1841 1043 2154 1109 sufficere
2215 1043 2394 1107 vide-

851 1154 1085 1229 batur,
1133 1169 1203 1216 ut
1253 1152 1320 1213 in
1350 1151 1568 1225 Eleis,
1628 1163 1693 1211 et
1742 1146 2042 1228 Argivis,
2088 1144 2202 1230 qui
2252 1163 2393 1205 mos

839 1269 1035 1319 ‘extra
1094 1267 1421 1318 monetam
1478 1271 1742 1337 quoque
1786 1250 2018 1324 valuit3
2083 1257 2231 1309 nam
2292 1264 2395 1308 re·

2464 968 2543 1040 ss*
2584 945 2785 1011 offert
2840 966 3074 1010 numus
3136 945 3573 1025 Haymianus‚
3648 946 3997 1010 commode

2465 1047 2853 1124 Corinthum
2917 1060 3122 1112 notat.
3195 1044 3613 1111 Observandi
3664 1049 3733 1112 in
3787 1048 3999 1112 numis

2464 1149 2600 1224 his,
2681 1149 2792 1232 qui
2852 1162 3147 1224 remotae
3192 1146 3592 1232 antiquitatis
3640 1163 3827 1213 certe
3871 1172 4001 1214 non

2466 1265 2647 1327 suut,
2716 1251 3017 1314 nonnulli
3073 1249 3418 1314 archaismi
3462 1250 3741 1313 retentis
3788 1251 4000 1315 literis

853 1361 987 1423 sert
1031 1356 1401 1438 Xenophon
1435 1357 1531 1434 ¹),
1579 1354 1919 1433 Sicyonios
1969 1348 2220 1432 clypeis
2257 1346 2392 1409 suis
2462 1345 2519 1415 F
2561 1369 2630 1417 et
2687 1353 2738 1434 9
2790 1354 2860 1415 in
2900 1352 3156 1418 ANFA.
3202 1366 3268 1415 et
3322 1349 3531 1434 ῼΟΡ.

850 1460 1216 1523 inscribere
1264 1457 1495 1519 solitos
1546 1454 1801 1542 literam
1852 1447 1951 1528 Σ,
1983 1451 2264 1533 Argivos
2300 1445 2389 1522 A,

851 1558 1411 1625 Lacedaemonios
1485 1551 1576 1620 Λ.
1665 1554 1748 1615 At
1826 1555 2033 1616 multo
2105 1550 2398 1635 implica·

853 1662 989 1723 tior
1056 1658 1222 1722 ratio
1321 1659 1666 1720 literarum
1740 1670 1807 1719 et
1876 1671 2396 1737 monogramma·

853 1779 1030 1837 tum,
1103 1758 1338 1842 quibus
1411 1771 1677 1842 praeter
1733 1756 2044 1840 princeps
2106 1752 2398 1816 Achaeo·

855 1884 1002 1925 rum
1035 1879 1540 1941 monogramma
1563 1858 1796 1920 horum
1844 1874 2192 1919 numorum
2213 1872 2399 1919 aver·

861 1986 929 2026 sa
971 1971 1302 2025 oneratur.
1360 1962 1616 2022 Horum
1666 1953 2017 2042 explicatio
2056 1979 2203 2022 cum
2249 1956 2399 2017 hac-

859 2080 1051 2128 tenus
1131 2058 1508 2148 antiquariis
1587 2047 1854 2122 minime
1931 2059 2266 2121 tentanda*
2313 2059 2401 2120 vi·

861 2165 1167 2241 deretur,
1242 2177 1384 2226 erat
1457 2159 1784 2247 sigfridus
1883 2164 2215 2243 Bayerus‚
2289 2159 2402 2244 qui

2552 1459 2843 1521 Aureum
2903 1455 3008 1518 his
3059 1454 3344 1519 similem
3393 1472 3479 1516 ex
3552 1470 3784 1514 museo
3845 1451 4004 1517 Caess

2467 1576 2659 1624 sarco
2721 1555 2928 1619 edidit
2976 1557 3397 1621 Froelichius
3424 1549 3528 1632 b),
3604 1553 3723 1618 sed
3785 1574 4000 1635 quem,

2466 1673 2541 1723 ut
2587 1658 2833 1743 apertis
2880 1655 3142 1721 indiciis
3188 1660 3526 1743 spurium,
3598 1655 3776 1719 inter
3824 1653 4004 1718 adul·

2466 1762 2717 1826 terinos
2750 1759 3036 1842 seposui.

3100 1961 3380 2043 *⁸¹*

2560 2168 2763 2244 Cap'ut
2805 2166 3015 2227 lovis.
3052 2157 3109 2218 -Ξ
3160 2159 3570 2231 ΑΧΑΙΩΝ.
3627 2165 3865 2227 Mulier
3902 2184 4009 2224 ca·

860 2287 969 2350 eus
1016 2266 1243 2329 literas
1296 2283 1441 2326 esse
1493 2280 1715 2328 earum
1759 2264 2019 2334 urbium
2055 2258 2405 2345 ἁρχαιυσας
2465 2270 2601 2344 pite
2652 2268 2927 2327 ustulato
2975 2274 3157 2326 stans
3200 2269 3469 2352 dextera
3507 2275 3791 2328 extenta,
3865 2265 4005 2326 ΑΕ,

863 2367 1240 2450 adfirmaret
1292 2366 1359 2444 in
1425 2365 1697 2449 quibus,
1755 2381 2060 2449 tanquam
2111 2360 2404 2426 foederis

862 2470 1132 2550 Achaici
1187 2466 1419 2541 sociis,
1480 2466 1579 2527 illi
1638 2478 1858 2529 esseut
1918 2466 2057 2529 cusi
2101 2465 2281 2527 numi
2318 2463 2405 2541 y).

865 2575 953 2633 At
1006 2570 1391 2633 sententiam
1452 2569 1617 2630 hanc
1679 2565 2076 2650 conjecturis
2139 2565 2406 2627 omnino

866 2670 1173 2740 infirmis.
1245 2684 1328 2738 ,et
1414 2669 1600 2730 nullo
1684 2681 1875 2752 pacto
1960 2667 2409 2752 probabilibus

866 2774 1023 2856 niti,
1067 2772 1223 2835 alibi
1270 2769 1406 2832 dixi
1433 2772 1519 2852 ὖ).
1561 2767 1748 2853 Ergo
1794 2788 1927 2831 non
1968 2768 2412 2853 pertinuerint

869 2880 993 2940 hae
1064 2871 1414 2938 drachmae
1472 2868 1552 2933 ad
1616 2867 1860 2933 dictum
1927 2867 2208 2933 foedus?
2251 2872 2412 2931 Per·

871 2976 1220 3050 tinuerint,
1294 2993 1527 3038 verum
1603 2972 1730 3056 ipsi
1806 2972 1985 3034 numi
2048 2970 2220 3032 istud
2280 2989 2412 3032 non

872 3081 1154 3151 docent,
1189 3091 1257 3138 et
1292 3093 1717 3159 aspernamur
1749 3072 2161 3157 conjecturas
2183 3117 2200 3148 ‚
2248 3092 2415 3156 quae

875 3181 1122 3242 nullam
1155 3197 1166 3251 ζ
1190 3164 1484 3257 omnino
1527 3173 1668 3238 veri
1741 3172 2030 3256 speciem
2073 3173 2416 3256 praebent,

872 3286 942 3346 in
987 3264 1289 3366 =quarum
1366 3295 1644 3340 numero
1717 3275 1913 3338 etiam
1968 3289 2271 3359 putamus
2347 3278 2423 3339 il-

875 3387 1041 3463 lam,
1110 3403 1234 3466 qua
1292 3401 1376 3443 cx
1432 3380 1645 3441 literis
1706 3373 1811 3438 ΞΒ
1868 3376 1935 3436 in
1980 3375 2177 3437 simili
2221 3400 2419 3443 numo

880 3484 1208 3570 expressis
1259 3480 1550 3568 epochae
1600 3498 1838 3544 annum
1892 3476 2072 3541 elicit
2106 3481 2187 3559 ι).
2246 3481 2420 3543 Fue.

880 3611 957 3652 re
1000 3607 1166 3670 ergo
1216 3585 1283 3648 hi
1323 3584 1502 3649 numi
1543 3581 1909 3645 communis
1953 3581 2238 3646 Achaiae
2286 3580 2423 3644 mo·

783 3755 788 3761 ,
880 3706 1033 3754 neta
1110 3707 1187 3751 ea
1244 3688 1535 3761 ratione,
1605 3705 1731 3768 qua
1806 3695 1905 3745 tot
1976 3681 2088 3745 alii
2171 3683 2449 3768 populi„

884 3814 1010 3859 ceu
1063 3786 1500 3858 Macedones,
1578 3782 1916 3858 Thessali,
1985 3785 2224 3848 Boeoti
2295 3796 2425 3847 etc.

888 3907 961 3958 et
1024 3890 1290 3976 quidem
1342 3887 1409 3947 in
1467 3883 1931 3968 Peloponneso
1991 3904 2253 3971 quoque
2305 3886 2426 3948 Ar·

889 3996 1027 4082 givi
1112 4004 1180 4055 et
1258 3985 1550 4052 Arcades
1628 4005 2039 4050 communem
2132 3986 2426 4051 habuere

2454 2370 2586 2468 El.
2632 2364 3014 2447 (Pellerin.)
3064 2361 3071 2386 ³

2560 2472 2663 2532 En
2743 2466 3005 2530 unicum
3086 2475 3337 2529 certum
3403 2465 3822 2530 Achaeorum
3897 2489 4013 2528 nu·

2480 2590 2656 2632 mum
2734 2587 3046 2644 aeneum,
3135 2586 3280 2629 nam
3344 2566 3430 2629 de
3487 2568 3733 2644 altero,
3818 2588 4011 2653 quem

2479 2669 2879 2733 Pellerinius
2924 2665 3015 2727 ibi
3063 2666 3274 2743 addit,
3341 2666 3411 2727 in
3452 2687 3584 2751 quo
3629 2673 3832 2750 Caput
3866 2674 4021 2733 Pat-

2481 2774 2674 2833 ladis.
2792 2767 2840 2828 ae
2920 2771 2973 2857 X
3064 2774 3322 2844 Botrm,
3412 2767 3692 2833 dubitari
3780 2751 4019 2853 potest,

2479 2886 2700 2934 utrum
2762 2871 2893 2935 huc
2954 2861 3311 2959 pertineat,
3386 2886 3452 2933 et
3497 2891 3629 2936 non
3678 2867 3905 2956 potius'
3934 2875 4024 2936 sit

2479 2975 2885 3050 Locrorum,
2973 2993 3253 3057 quorum
3330 2974 3518 3035 aenei
3578 2971 3847 3036 eosdem
3908 2975 4025 3038 ha-

2482 3077 2641 3139 bent
2703 3087 2893 3158 typos
2911 3092 2932 3155 3
3018 3073 3173 3159 quin
3239 3085 3308 3136 et
3350 3093 3546 3158 saepe
3611 3095 4028 3158 monogram-

2489 3199 2591 3239 ma
2638 3174 2989 3260 quodpiam
3034 3175 3125 3239 ita
3181 3188 3284 3239 est
3321 3175 3435 3237 uni
3468 3174 3616 3238 urbi
3653 3178 4025 3264 proprium,

2490 3292 2561 3342 ut
2606 3272 2824 3341 tamen
2872 3279 3069 3341 etiam
3127 3298 3591 3363 nonnunquam
3637 3277 3706 3339 in
3749 3279 4025 3343 alterius

2492 3372 2675 3443 urbis
2725 3390 2985 3441 moneta
3043 3380 3454 3445 observetur.
3532 3379 3644 3442 Sic
3692 3379 3762 3440 in
3813 3380 4031 3446 tribus

2494 3484 2931 3564 Tegeatarum
2982 3481 3197 3544 numis
3233 3495 3331 3545 est
3363 3500 3852 3565 monogramma
3876 3484 4028 3559 Ml„

2492 3579 2669 3668 quod
2709 3579 3051 3665 proprium
3097 3600 3243 3645 esse
3286 3582 3503 3645 Mileti
3544 3584 3751 3658 solet,
3807 3584 3875 3645 in
3924 3607 4031 3647 ar-

2494 3696 2736 3768 genteo
2822 3681 3237 3748 Achaeorum
3328 3682 3505 3765 apud
3583 3686 3932 3767 Hsymium
3966 3690 4033 3771 0)

2494 3784 2663 3868 sigla
2692 3781 3065 3866 Tyriorum.
3132 3784 3309 3880 Quid
3353 3783 3754 3871 quod‚.idem
3804 3807 4038 3851 mono·-

2495 3906 2785 3973 grsmma
2826 3887 2879 3971 X
2920 3901 3023 3950 est
3078 3885 3144 3948 in
3200 3908 3399 3953 numo
3454 3902 3643 3973 certo
3698 3887 4039 3955 Lacedae·

2498 3990 2709 4053 monis
2754 3991 2964 4053 musei
3007 3982 3336 4055 Caesarei.

888 4107 1243 4162 monetam.
1331 4093 1405 4152 In
1464 4087 1869 4175 paucissimis
1910 4086 2278 4173 produntur
2324 4111 2432 4153 ur·
2496 4094 2637 4155 AB.
2680 4095 2744 4155 C.
2787 4094 2932 4156 ΑΕ.
2974 4094 3218 4156 RRBB.

1115 4414 1176 4490 ι)
1203 4412 1354 4472 Hist.
1383 4409 1597 4471 Graec.
1629 4410 1700 4468 L.
1731 4406 1834 4471 IV.

891 4529 959 4592 p·
990 4514 1117 4571 115.
1243 4528 1250 4533 ·
1293 4502 1351 4575 ο)
1388 4499 1435 4564 l.
1464 4519 1513 4560 c.
1539 4519 1607 4583 p·
1634 4508 1765 4564 373·

2008 4410 2073 4482 5)
2113 4409 2444 4468 Commeat.
2481 4405 2665 4468 Aead.
2693 4407 2936 4487 Petrop.
2972 4408 3047 4470 Τ.
3076 4404 3147 4466 V.
3184 4423 3252 4483 Ρ.
3292 4416 3425 4471 372·
3458 4468 3461 4473 .

1895 4594 1902 4599 q
1932 4496 1998 4573 ιἱ)
2027 4496 2237 4559 etmel.
2263 4496 2537 4563 Vindob-
2557 4516 2618 4576 p.
2650 4496 2854 4560 CLIII.

3030 4498 3088 4572 ο)
3118 4497 3192 4558 Τ.
3220 4495 3302 4557 ΙΙ.
3324 4517 3394 4577 Ρ.
3424 4515 3506 4558 m.
3536 4504 3666 4567 114·
