<?xml version="1.0" encoding="UTF-8"?>
<!DOCTYPE html PUBLIC "-//W3C//DTD XHTML 1.0 Transitional//EN"
    "http://www.w3.org/TR/xhtml1/DTD/xhtml1-transitional.dtd">
<html xmlns="http://www.w3.org/1999/xhtml" xml:lang="en" lang="en">
 <head>
  <title>
</title>
<meta http-equiv="Content-Type" content="text/html;charset=utf-8" />
  <meta name='ocr-system' content='tesseract 3.04.00' />
  <meta name='ocr-capabilities' content='ocr_page ocr_carea ocr_par ocr_line ocrx_word'/>
</head>
<body>
  <div class='ocr_page' id='page_1' title='image "./doctrinanumorum08unkngoog_0103.png"; bbox 0 0 4575 5850; ppageno 0'>
   <div class='ocr_carea' id='block_1_1' title="bbox 1223 448 3597 597">
    <p class='ocr_par' dir='ltr' id='par_1_1' title="bbox 1223 448 3597 597">
     <span class='ocr_line' id='line_1_1' title="bbox 1223 448 3597 597; baseline 0.001 -16"><span class='ocrx_word' id='word_1_1' title='bbox 1223 486 1607 581; x_wconf 78' lang='lat' dir='ltr'><strong>REGES&#39;</strong></span> <span class='ocrx_word' id='word_1_2' title='bbox 1712 504 2563 581; x_wconf 86' lang='lat' dir='ltr'><strong>MACEDONIAE.</strong></span> <span class='ocrx_word' id='word_1_3' title='bbox 3366 518 3462 597; x_wconf 77' lang='lat'><strong>9³</strong></span> <span class='ocrx_word' id='word_1_4' title='bbox 3574 448 3597 475; x_wconf 49' lang='lat'><strong>²</strong></span> 
     </span>
    </p>
   </div>
   <div class='ocr_carea' id='block_1_2' title="bbox 266 672 1859 770">
    <p class='ocr_par' dir='ltr' id='par_1_2' title="bbox 266 672 1859 770">
     <span class='ocr_line' id='line_1_2' title="bbox 266 672 1859 770; baseline -0.002 -25"><span class='ocrx_word' id='word_1_5' title='bbox 266 756 284 770; x_wconf 79' lang='lat'><em>.</em></span> <span class='ocrx_word' id='word_1_6' title='bbox 337 696 479 745; x_wconf 76' lang='lat' dir='ltr'><strong>sane</strong></span> <span class='ocrx_word' id='word_1_7' title='bbox 523 672 859 751; x_wconf 74' lang='lat' dir='ltr'><strong>videatur,</strong></span> <span class='ocrx_word' id='word_1_8' title='bbox 902 694 1035 738; x_wconf 89' lang='lat' dir='ltr'><strong>non</strong></span> <span class='ocrx_word' id='word_1_9' title='bbox 1083 677 1282 750; x_wconf 86' lang='lat' dir='ltr'><strong>etiam</strong></span> <span class='ocrx_word' id='word_1_10' title='bbox 1332 675 1413 740; x_wconf 81' lang='lat' dir='ltr'><strong>ab</strong></span> <span class='ocrx_word' id='word_1_11' title='bbox 1445 677 1699 761; x_wconf 85' lang='lat' dir='ltr'><strong>-eodem</strong></span> <span class='ocrx_word' id='word_1_12' title='bbox 1756 698 1859 742; x_wconf 90' lang='lat' dir='ltr'><strong>re·</strong></span> 
     </span>
    </p>
   </div>
   <div class='ocr_carea' id='block_1_3' title="bbox 334 776 1865 1675">
    <p class='ocr_par' dir='ltr' id='par_1_3' title="bbox 334 776 1865 1675">
     <span class='ocr_line' id='line_1_3' title="bbox 335 776 1856 862; baseline -0.001 -18"><span class='ocrx_word' id='word_1_13' title='bbox 335 792 569 846; x_wconf 86' lang='lat' dir='ltr'><strong>tentum</strong></span> <span class='ocrx_word' id='word_1_14' title='bbox 655 777 941 841; x_wconf 86' lang='lat' dir='ltr'><strong>alterum</strong></span> <span class='ocrx_word' id='word_1_15' title='bbox 1031 788 1257 859; x_wconf 85' lang='lat' dir='ltr'><strong>typum</strong></span> <span class='ocrx_word' id='word_1_16' title='bbox 1343 776 1665 862; x_wconf 79' lang='lat' dir='ltr'><strong>bigarum.</strong></span> <span class='ocrx_word' id='word_1_17' title='bbox 1770 779 1856 843; x_wconf 80' lang='lat' dir='ltr'><strong>At</strong></span> 
     </span>
     <span class='ocr_line' id='line_1_4' title="bbox 334 875 1860 964; baseline -0.001 -19"><span class='ocrx_word' id='word_1_18' title='bbox 334 884 562 946; x_wconf 85' lang='lat' dir='ltr'><strong>lectum</strong></span> <span class='ocrx_word' id='word_1_19' title='bbox 622 876 832 943; x_wconf 86' lang='lat' dir='ltr'><strong>semel</strong></span> <span class='ocrx_word' id='word_1_20' title='bbox 890 875 973 939; x_wconf 88' lang='lat' dir='ltr'><strong>ab</strong></span> <span class='ocrx_word' id='word_1_21' title='bbox 1022 876 1399 941; x_wconf 85' lang='lat' dir='ltr'><strong>Alexandro</strong></span> <span class='ocrx_word' id='word_1_22' title='bbox 1441 881 1661 943; x_wconf 87' lang='lat' dir='ltr'><strong>thema</strong></span> <span class='ocrx_word' id='word_1_23' title='bbox 1708 900 1860 964; x_wconf 88' lang='lat' dir='ltr'><strong>per·</strong></span> 
     </span>
     <span class='ocr_line' id='line_1_5' title="bbox 336 972 1857 1064; baseline -0.002 -15"><span class='ocrx_word' id='word_1_24' title='bbox 336 1000 658 1049; x_wconf 70' lang='lat' dir='ltr'>severasse</span> <span class='ocrx_word' id='word_1_25' title='bbox 733 975 856 1039; x_wconf 80' lang='lat' dir='ltr'><strong>sub</strong></span> <span class='ocrx_word' id='word_1_26' title='bbox 912 977 1198 1043; x_wconf 81' lang='lat' dir='ltr'><strong>Aridseo</strong></span> <span class='ocrx_word' id='word_1_27' title='bbox 1257 980 1452 1064; x_wconf 85' lang='lat' dir='ltr'><strong>plane</strong></span> <span class='ocrx_word' id='word_1_28' title='bbox 1511 972 1857 1059; x_wconf 80' lang='lat' dir='ltr'>credibile,</span> 
     </span>
     <span class='ocr_line' id='line_1_6' title="bbox 339 1074 1865 1167; baseline -0.003 -18"><span class='ocrx_word' id='word_1_29' title='bbox 339 1084 435 1149; x_wconf 87' lang='lat' dir='ltr'><strong>cui</strong></span> <span class='ocrx_word' id='word_1_30' title='bbox 480 1099 695 1167; x_wconf 84' lang='lat' dir='ltr'><strong>neque</strong></span> <span class='ocrx_word' id='word_1_31' title='bbox 743 1080 1062 1145; x_wconf 83' lang='lat' dir='ltr'><strong>innovare</strong></span> <span class='ocrx_word' id='word_1_32' title='bbox 1097 1074 1299 1143; x_wconf 86' lang='lat' dir='ltr'><strong>multa</strong></span> <span class='ocrx_word' id='word_1_33' title='bbox 1341 1102 1465 1166; x_wconf 90' lang='lat' dir='ltr'><strong>per</strong></span> <span class='ocrx_word' id='word_1_34' title='bbox 1510 1082 1709 1145; x_wconf 82' lang='lat' dir='ltr'><strong>animi</strong></span> <span class='ocrx_word' id='word_1_35' title='bbox 1746 1082 1865 1145; x_wconf 91' lang='lat' dir='ltr'><strong>im-</strong></span> 
     </span>
     <span class='ocr_line' id='line_1_7' title="bbox 335 1178 1864 1268; baseline -0.001 -19"><span class='ocrx_word' id='word_1_36' title='bbox 335 1182 746 1249; x_wconf 79' lang='lat' dir='ltr'><strong>becillitatem</strong></span> <span class='ocrx_word' id='word_1_37' title='bbox 775 1178 1004 1257; x_wconf 84' lang='lat' dir='ltr'><strong>libuit,</strong></span> <span class='ocrx_word' id='word_1_38' title='bbox 1047 1202 1262 1266; x_wconf 89' lang='lat' dir='ltr'><strong>neque</strong></span> <span class='ocrx_word' id='word_1_39' title='bbox 1305 1203 1553 1268; x_wconf 85' lang='lat' dir='ltr'><strong>perque</strong></span> <span class='ocrx_word' id='word_1_40' title='bbox 1588 1203 1864 1268; x_wconf 83' lang='lat' dir='ltr'><strong>praepo·</strong></span> 
     </span>
     <span class='ocr_line' id='line_1_8' title="bbox 335 1280 1859 1351; baseline -0.001 -3"><span class='ocrx_word' id='word_1_41' title='bbox 335 1296 533 1351; x_wconf 82' lang='lat' dir='ltr'><strong>tentes</strong></span> <span class='ocrx_word' id='word_1_42' title='bbox 573 1280 780 1346; x_wconf 83' lang='lat' dir='ltr'><strong>duces</strong></span> <span class='ocrx_word' id='word_1_43' title='bbox 823 1283 1030 1348; x_wconf 82' lang='lat' dir='ltr'><strong>licuit.</strong></span> <span class='ocrx_word' id='word_1_44' title='bbox 1089 1283 1336 1347; x_wconf 87' lang='lat' dir='ltr'><strong>Eodem</strong></span> <span class='ocrx_word' id='word_1_45' title='bbox 1389 1284 1589 1347; x_wconf 90' lang='lat' dir='ltr'><strong>modo</strong></span> <span class='ocrx_word' id='word_1_46' title='bbox 1637 1284 1859 1347; x_wconf 83' lang='lat' dir='ltr'><strong>verisi-</strong></span> 
     </span>
     <span class='ocr_line' id='line_1_9' title="bbox 337 1384 1863 1459; baseline 0 -9"><span class='ocrx_word' id='word_1_47' title='bbox 337 1386 480 1450; x_wconf 83' lang='lat' dir='ltr'><strong>mile</strong></span> <span class='ocrx_word' id='word_1_48' title='bbox 543 1387 795 1459; x_wconf 84' lang='lat' dir='ltr'><strong>etiam,</strong></span> <span class='ocrx_word' id='word_1_49' title='bbox 865 1384 947 1447; x_wconf 88' lang='lat' dir='ltr'><strong>ab</strong></span> <span class='ocrx_word' id='word_1_50' title='bbox 1008 1384 1243 1448; x_wconf 88' lang='lat' dir='ltr'><strong>eodem</strong></span> <span class='ocrx_word' id='word_1_51' title='bbox 1313 1387 1692 1449; x_wconf 80' lang='lat' dir='ltr'><strong>Alexandro</strong></span> <span class='ocrx_word' id='word_1_52' title='bbox 1780 1406 1863 1450; x_wconf 80' lang='lat' dir='ltr'><strong>ex</strong></span> 
     </span>
     <span class='ocr_line' id='line_1_10' title="bbox 339 1486 1865 1581; baseline -0.001 -32"><span class='ocrx_word' id='word_1_53' title='bbox 339 1499 584 1551; x_wconf 86' lang='lat' dir='ltr'><strong>moneta</strong></span> <span class='ocrx_word' id='word_1_54' title='bbox 627 1498 943 1571; x_wconf 82' lang='lat' dir='ltr'><strong>argentea</strong></span> <span class='ocrx_word' id='word_1_55' title='bbox 982 1487 1267 1581; x_wconf 48' lang='lat' dir='ltr'><strong>eiectum</strong></span> <span class='ocrx_word' id='word_1_56' title='bbox 1314 1487 1580 1549; x_wconf 81' lang='lat' dir='ltr'><strong>solitum</strong></span> <span class='ocrx_word' id='word_1_57' title='bbox 1612 1486 1865 1571; x_wconf 82' lang='lat' dir='ltr'><strong>Philip-</strong></span> 
     </span>
     <span class='ocr_line' id='line_1_11' title="bbox 340 1587 1862 1675; baseline 0.001 -25"><span class='ocrx_word' id='word_1_58' title='bbox 340 1588 403 1675; x_wconf 85' lang='lat' dir='ltr'><strong>pi</strong></span> <span class='ocrx_word' id='word_1_59' title='bbox 457 1589 537 1652; x_wconf 79' lang='lat'><strong>11.</strong></span> <span class='ocrx_word' id='word_1_60' title='bbox 622 1587 954 1669; x_wconf 77' lang='lat' dir='ltr'><strong>equitem,</strong></span> <span class='ocrx_word' id='word_1_61' title='bbox 1011 1588 1164 1651; x_wconf 88' lang='lat' dir='ltr'><strong>huic</strong></span> <span class='ocrx_word' id='word_1_62' title='bbox 1222 1588 1568 1652; x_wconf 78' lang='lat' dir='ltr'><strong>suffectum</strong></span> <span class='ocrx_word' id='word_1_63' title='bbox 1626 1590 1862 1655; x_wconf 82' lang='lat' dir='ltr'><strong>Jovem</strong></span> 
     </span>
    </p>
   </div>
   <div class='ocr_carea' id='block_1_4' title="bbox 285 1687 1863 1776">
    <p class='ocr_par' dir='ltr' id='par_1_4' title="bbox 285 1687 1863 1776">
     <span class='ocr_line' id='line_1_12' title="bbox 285 1687 1863 1776; baseline 0.005 -29"><span class='ocrx_word' id='word_1_64' title='bbox 285 1738 290 1747; x_wconf 95' lang='lat'>.</span> <span class='ocrx_word' id='word_1_65' title='bbox 341 1687 798 1774; x_wconf 85' lang='lat' dir='ltr'><strong>aetophorum,</strong></span> <span class='ocrx_word' id='word_1_66' title='bbox 856 1703 924 1750; x_wconf 90' lang='lat' dir='ltr'><strong>et</strong></span> <span class='ocrx_word' id='word_1_67' title='bbox 958 1687 1215 1753; x_wconf 86' lang='lat' dir='ltr'><strong>-eadem</strong></span> <span class='ocrx_word' id='word_1_68' title='bbox 1279 1691 1467 1776; x_wconf 78' lang='lat' dir='ltr'><strong>lege,</strong></span> <span class='ocrx_word' id='word_1_69' title='bbox 1511 1703 1584 1754; x_wconf 86' lang='lat' dir='ltr'><strong>ut</strong></span> <span class='ocrx_word' id='word_1_70' title='bbox 1627 1691 1711 1753; x_wconf 90' lang='lat' dir='ltr'><strong>de</strong></span> <span class='ocrx_word' id='word_1_71' title='bbox 1755 1714 1863 1755; x_wconf 87' lang='lat' dir='ltr'><strong>au·</strong></span> 
     </span>
    </p>
   </div>
   <div class='ocr_carea' id='block_1_5' title="bbox 339 1776 1872 2692">
    <p class='ocr_par' dir='ltr' id='par_1_5' title="bbox 339 1776 1872 2692">
     <span class='ocr_line' id='line_1_13' title="bbox 339 1776 1871 1880; baseline 0.001 -26"><span class='ocrx_word' id='word_1_72' title='bbox 339 1811 444 1854; x_wconf 83' lang='lat' dir='ltr'><strong>rea</strong></span> <span class='ocrx_word' id='word_1_73' title='bbox 510 1801 774 1880; x_wconf 70' lang='lat' dir='ltr'><strong>moneta</strong></span> <span class='ocrx_word' id='word_1_74' title='bbox 836 1788 1154 1867; x_wconf 84' lang='lat' dir='ltr'><strong>diximus,</strong></span> <span class='ocrx_word' id='word_1_75' title='bbox 1200 1790 1279 1853; x_wconf 87' lang='lat' dir='ltr'><strong>ab</strong></span> <span class='ocrx_word' id='word_1_76' title='bbox 1323 1776 1606 1856; x_wconf 69' lang='lat' dir='ltr'><strong>Aridaeo</strong></span> <span class='ocrx_word' id='word_1_77' title='bbox 1648 1802 1871 1856; x_wconf 79' lang='lat' dir='ltr'><strong>reten-</strong></span> 
     </span>
     <span class='ocr_line' id='line_1_14' title="bbox 341 1891 1867 1960; baseline 0 -5"><span class='ocrx_word' id='word_1_78' title='bbox 341 1907 488 1960; x_wconf 79' lang='lat' dir='ltr'><strong>tum.</strong></span> <span class='ocrx_word' id='word_1_79' title='bbox 511 1892 594 1958; x_wconf 87' lang='lat'><strong>11.</strong></span> <span class='ocrx_word' id='word_1_80' title='bbox 646 1892 916 1954; x_wconf 86' lang='lat' dir='ltr'><strong>Constat</strong></span> <span class='ocrx_word' id='word_1_81' title='bbox 964 1891 1046 1955; x_wconf 88' lang='lat' dir='ltr'><strong>de</strong></span> <span class='ocrx_word' id='word_1_82' title='bbox 1092 1892 1332 1957; x_wconf 84' lang='lat' dir='ltr'><strong>eximio</strong></span> <span class='ocrx_word' id='word_1_83' title='bbox 1378 1893 1737 1957; x_wconf 72' lang='lat' dir='ltr'>Alexandri</span> <span class='ocrx_word' id='word_1_84' title='bbox 1798 1894 1867 1956; x_wconf 88' lang='lat' dir='ltr'><strong>in</strong></span> 
     </span>
     <span class='ocr_line' id='line_1_15' title="bbox 340 1989 1868 2083; baseline -0.002 -25"><span class='ocrx_word' id='word_1_85' title='bbox 340 1993 661 2059; x_wconf 84' lang='lat' dir='ltr'><strong>Palladem</strong></span> <span class='ocrx_word' id='word_1_86' title='bbox 709 1989 974 2056; x_wconf 78' lang='lat' dir='ltr'><strong>adfectu</strong></span> <span class='ocrx_word' id='word_1_87' title='bbox 1007 2037 1026 2069; x_wconf 89' lang='lat'><strong>,</strong></span> <span class='ocrx_word' id='word_1_88' title='bbox 1083 2006 1156 2057; x_wconf 89' lang='lat' dir='ltr'><strong>ut</strong></span> <span class='ocrx_word' id='word_1_89' title='bbox 1202 1994 1272 2056; x_wconf 90' lang='lat' dir='ltr'><strong>in</strong></span> <span class='ocrx_word' id='word_1_90' title='bbox 1315 1994 1722 2083; x_wconf 35' lang='lat' dir='ltr'><strong>ejusxnumis</strong></span> <span class='ocrx_word' id='word_1_91' title='bbox 1772 1994 1868 2057; x_wconf 88' lang='lat' dir='ltr'><strong>di-</strong></span> 
     </span>
     <span class='ocr_line' id='line_1_16' title="bbox 343 2080 1867 2181; baseline -0.001 -19"><span class='ocrx_word' id='word_1_92' title='bbox 343 2107 551 2176; x_wconf 75' lang='lat' dir='ltr'><strong>cetnr3</strong></span> <span class='ocrx_word' id='word_1_93' title='bbox 595 2113 679 2155; x_wconf 85' lang='lat' dir='ltr'><strong>ex</strong></span> <span class='ocrx_word' id='word_1_94' title='bbox 729 2114 860 2179; x_wconf 85' lang='lat' dir='ltr'><strong>quo</strong></span> <span class='ocrx_word' id='word_1_95' title='bbox 894 2094 1291 2172; x_wconf 79' lang='lat' dir='ltr'><strong>verisimile,</strong></span> <span class='ocrx_word' id='word_1_96' title='bbox 1342 2080 1629 2160; x_wconf 63' lang='lat' dir='ltr'><strong>l‘alladis</strong></span> <span class='ocrx_word' id='word_1_97' title='bbox 1673 2111 1867 2181; x_wconf 82' lang='lat' dir='ltr'><strong>caput</strong></span> 
     </span>
     <span class='ocr_line' id='line_1_17' title="bbox 343 2194 1868 2281; baseline -0.001 -22"><span class='ocrx_word' id='word_1_98' title='bbox 343 2197 417 2259; x_wconf 85' lang='lat' dir='ltr'><strong>ab</strong></span> <span class='ocrx_word' id='word_1_99' title='bbox 480 2194 641 2270; x_wconf 83' lang='lat' dir='ltr'><strong>hoc,</strong></span> <span class='ocrx_word' id='word_1_100' title='bbox 702 2216 836 2259; x_wconf 89' lang='lat' dir='ltr'><strong>non</strong></span> <span class='ocrx_word' id='word_1_101' title='bbox 894 2211 1082 2281; x_wconf 84' lang='lat' dir='ltr'><strong>patre</strong></span> <span class='ocrx_word' id='word_1_102' title='bbox 1143 2198 1408 2263; x_wconf 84' lang='lat' dir='ltr'><strong>lectum.</strong></span> <span class='ocrx_word' id='word_1_103' title='bbox 1471 2200 1585 2264; x_wconf 79' lang='lat'>111.</span> <span class='ocrx_word' id='word_1_104' title='bbox 1673 2198 1868 2262; x_wconf 88' lang='lat' dir='ltr'><strong>Citati</strong></span> 
     </span>
     <span class='ocr_line' id='line_1_18' title="bbox 346 2294 1869 2385; baseline 0.003 -27"><span class='ocrx_word' id='word_1_105' title='bbox 346 2294 622 2380; x_wconf 81' lang='lat' dir='ltr'><strong>Philippi</strong></span> <span class='ocrx_word' id='word_1_106' title='bbox 680 2299 864 2360; x_wconf 88' lang='lat' dir='ltr'><strong>numi</strong></span> <span class='ocrx_word' id='word_1_107' title='bbox 912 2320 1065 2363; x_wconf 86' lang='lat' dir='ltr'><strong>cum</strong></span> <span class='ocrx_word' id='word_1_108' title='bbox 1109 2300 1277 2365; x_wconf 80' lang='lat' dir='ltr'><strong>Jove</strong></span> <span class='ocrx_word' id='word_1_109' title='bbox 1323 2299 1869 2385; x_wconf 64' lang='lat' dir='ltr'><strong>aetophoroznon</strong></span> 
     </span>
     <span class='ocr_line' id='line_1_19' title="bbox 346 2393 1871 2480; baseline 0.005 -23"><span class='ocrx_word' id='word_1_110' title='bbox 346 2393 527 2459; x_wconf 81' lang='lat' dir='ltr'><strong>modo</strong></span> <span class='ocrx_word' id='word_1_111' title='bbox 597 2409 753 2480; x_wconf 86' lang='lat' dir='ltr'><strong>typo</strong></span> <span class='ocrx_word' id='word_1_112' title='bbox 786 2443 806 2477; x_wconf 97' lang='lat'><strong>,</strong></span> <span class='ocrx_word' id='word_1_113' title='bbox 878 2400 999 2462; x_wconf 81' lang='lat' dir='ltr'><strong>sed</strong></span> <span class='ocrx_word' id='word_1_114' title='bbox 1057 2413 1125 2465; x_wconf 86' lang='lat' dir='ltr'><strong>et</strong></span> <span class='ocrx_word' id='word_1_115' title='bbox 1181 2401 1398 2467; x_wconf 87' lang='lat' dir='ltr'><strong>nitore</strong></span> <span class='ocrx_word' id='word_1_116' title='bbox 1456 2403 1746 2469; x_wconf 81' lang='lat' dir='ltr'><strong>fabricae</strong></span> <span class='ocrx_word' id='word_1_117' title='bbox 1803 2416 1871 2467; x_wconf 89' lang='lat' dir='ltr'><strong>et</strong></span> 
     </span>
     <span class='ocr_line' id='line_1_20' title="bbox 344 2498 1872 2590; baseline 0.004 -29"><span class='ocrx_word' id='word_1_118' title='bbox 344 2498 623 2584; x_wconf 80' lang='lat' dir='ltr'><strong>pondere</strong></span> <span class='ocrx_word' id='word_1_119' title='bbox 686 2517 834 2564; x_wconf 88' lang='lat' dir='ltr'><strong>cum</strong></span> <span class='ocrx_word' id='word_1_120' title='bbox 891 2502 1105 2566; x_wconf 81' lang='lat' dir='ltr'><strong>obviis</strong></span> <span class='ocrx_word' id='word_1_121' title='bbox 1157 2502 1621 2568; x_wconf 81' lang='lat' dir='ltr'><strong>Alexandrinis</strong></span> <span class='ocrx_word' id='word_1_122' title='bbox 1677 2518 1872 2590; x_wconf 75' lang='lat' dir='ltr'><strong>pror·</strong></span> 
     </span>
     <span class='ocr_line' id='line_1_21' title="bbox 347 2602 1870 2692; baseline 0.005 -30"><span class='ocrx_word' id='word_1_123' title='bbox 347 2620 447 2662; x_wconf 81' lang='lat' dir='ltr'><strong>sus</strong></span> <span class='ocrx_word' id='word_1_124' title='bbox 494 2602 904 2684; x_wconf 85' lang='lat' dir='ltr'><strong>conspirant,</strong></span> <span class='ocrx_word' id='word_1_125' title='bbox 966 2603 1144 2675; x_wconf 81' lang='lat' dir='ltr'><strong>unde</strong></span> <span class='ocrx_word' id='word_1_126' title='bbox 1198 2606 1542 2671; x_wconf 83' lang='lat' dir='ltr'><strong>manifeste</strong></span> <span class='ocrx_word' id='word_1_127' title='bbox 1587 2627 1870 2692; x_wconf 82' lang='lat' dir='ltr'><strong>arguere</strong></span> 
     </span>
    </p>
   </div>
   <div class='ocr_carea' id='block_1_6' title="bbox 247 2702 1873 2895">
    <p class='ocr_par' dir='ltr' id='par_1_6' title="bbox 247 2702 1873 2895">
     <span class='ocr_line' id='line_1_22' title="bbox 247 2702 1870 2795; baseline 0.004 -31"><span class='ocrx_word' id='word_1_128' title='bbox 247 2778 267 2795; x_wconf 50' lang='lat'><strong>·</strong></span> <span class='ocrx_word' id='word_1_129' title='bbox 345 2702 539 2779; x_wconf 87' lang='lat' dir='ltr'><strong>licet,</strong></span> <span class='ocrx_word' id='word_1_130' title='bbox 623 2718 928 2769; x_wconf 84' lang='lat' dir='ltr'><strong>monetae</strong></span> <span class='ocrx_word' id='word_1_131' title='bbox 975 2708 1250 2770; x_wconf 75' lang='lat' dir='ltr'><strong>‘modum</strong></span> <span class='ocrx_word' id='word_1_132' title='bbox 1308 2707 1428 2771; x_wconf 88' lang='lat' dir='ltr'><strong>sub</strong></span> <span class='ocrx_word' id='word_1_133' title='bbox 1496 2708 1870 2772; x_wconf 83' lang='lat' dir='ltr'><strong>Alexandro</strong></span> 
     </span>
     <span class='ocr_line' id='line_1_23' title="bbox 257 2803 1873 2895; baseline 0.003 -31"><span class='ocrx_word' id='word_1_134' title='bbox 257 2866 268 2877; x_wconf 68' lang='grc'><strong>,</strong></span> <span class='ocrx_word' id='word_1_135' title='bbox 343 2804 707 2869; x_wconf 84' lang='lat' dir='ltr'><strong>inchoatum</strong></span> <span class='ocrx_word' id='word_1_136' title='bbox 750 2805 820 2865; x_wconf 88' lang='lat' dir='ltr'><strong>in</strong></span> <span class='ocrx_word' id='word_1_137' title='bbox 864 2803 1073 2871; x_wconf 81' lang='lat' dir='ltr'><strong>fratre</strong></span> <span class='ocrx_word' id='word_1_138' title='bbox 1117 2807 1409 2874; x_wconf 86' lang='lat' dir='ltr'><strong>durasse.</strong></span> <span class='ocrx_word' id='word_1_139' title='bbox 1455 2811 1542 2873; x_wconf 85' lang='lat' dir='ltr'><strong>At</strong></span> <span class='ocrx_word' id='word_1_140' title='bbox 1583 2828 1748 2895; x_wconf 85' lang='lat' dir='ltr'><strong>qnos</strong></span> <span class='ocrx_word' id='word_1_141' title='bbox 1770 2829 1873 2871; x_wconf 75' lang='lat' dir='ltr'><strong>su·</strong></span> 
     </span>
    </p>
   </div>
   <div class='ocr_carea' id='block_1_7' title="bbox 338 2905 1887 4618">
    <p class='ocr_par' dir='ltr' id='par_1_7' title="bbox 338 2905 1887 4618">
     <span class='ocr_line' id='line_1_24' title="bbox 343 2905 1873 2996; baseline 0.001 -26"><span class='ocrx_word' id='word_1_142' title='bbox 343 2924 450 2990; x_wconf 81' lang='lat' dir='ltr'><strong>pra</strong></span> <span class='ocrx_word' id='word_1_143' title='bbox 521 2905 719 2971; x_wconf 80' lang='lat' dir='ltr'><strong>citavi</strong></span> <span class='ocrx_word' id='word_1_144' title='bbox 791 2922 1012 2972; x_wconf 84' lang='lat' dir='ltr'><strong>certos</strong></span> <span class='ocrx_word' id='word_1_145' title='bbox 1078 2909 1371 2996; x_wconf 86' lang='lat' dir='ltr'><strong>Philippi</strong></span> <span class='ocrx_word' id='word_1_146' title='bbox 1448 2914 1531 2978; x_wconf 84' lang='lat'><strong>11.</strong></span> <span class='ocrx_word' id='word_1_147' title='bbox 1619 2931 1873 2988; x_wconf 85' lang='lat' dir='ltr'><strong>numos,</strong></span> 
     </span>
     <span class='ocr_line' id='line_1_25' title="bbox 342 3009 1878 3095; baseline 0.003 -26"><span class='ocrx_word' id='word_1_148' title='bbox 342 3009 787 3092; x_wconf 81' lang='lat' dir='ltr'><strong>praesentibus</strong></span> <span class='ocrx_word' id='word_1_149' title='bbox 830 3019 899 3072; x_wconf 86' lang='lat' dir='ltr'><strong>et</strong></span> <span class='ocrx_word' id='word_1_150' title='bbox 926 3011 1147 3095; x_wconf 85' lang='lat' dir='ltr'><strong>operis</strong></span> <span class='ocrx_word' id='word_1_151' title='bbox 1175 3014 1591 3093; x_wconf 79' lang='lat' dir='ltr'><strong>perfectione</strong></span> <span class='ocrx_word' id='word_1_152' title='bbox 1619 3027 1686 3076; x_wconf 90' lang='lat' dir='ltr'><strong>et</strong></span> <span class='ocrx_word' id='word_1_153' title='bbox 1719 3033 1878 3094; x_wconf 87' lang='lat' dir='ltr'><strong>pon-</strong></span> 
     </span>
     <span class='ocr_line' id='line_1_26' title="bbox 342 3107 1880 3190; baseline 0 -19"><span class='ocrx_word' id='word_1_154' title='bbox 342 3107 495 3174; x_wconf 87' lang='lat' dir='ltr'><strong>dere</strong></span> <span class='ocrx_word' id='word_1_155' title='bbox 565 3111 845 3173; x_wconf 85' lang='lat' dir='ltr'><strong>multum</strong></span> <span class='ocrx_word' id='word_1_156' title='bbox 906 3114 1487 3190; x_wconf 55' lang='lat' dir='ltr'><strong>suntinferiores,</strong></span> <span class='ocrx_word' id='word_1_157' title='bbox 1539 3117 1676 3182; x_wconf 82' lang='lat' dir='ltr'><strong>tv.·</strong></span> <span class='ocrx_word' id='word_1_158' title='bbox 1712 3116 1880 3177; x_wconf 91' lang='lat' dir='ltr'><strong>Con-</strong></span> 
     </span>
     <span class='ocr_line' id='line_1_27' title="bbox 343 3205 1877 3298; baseline 0.001 -27"><span class='ocrx_word' id='word_1_159' title='bbox 343 3223 489 3288; x_wconf 80' lang='lat' dir='ltr'><strong>stat,</strong></span> <span class='ocrx_word' id='word_1_160' title='bbox 548 3211 905 3277; x_wconf 79' lang='lat' dir='ltr'><strong>Seleucum</strong></span> <span class='ocrx_word' id='word_1_161' title='bbox 962 3215 1013 3278; x_wconf 86' lang='grc' dir='ltr'><strong>Ι.</strong></span> <span class='ocrx_word' id='word_1_162' title='bbox 1077 3217 1348 3298; x_wconf 77' lang='lat' dir='ltr'><strong>Syriae,</strong></span> <span class='ocrx_word' id='word_1_163' title='bbox 1391 3205 1877 3298; x_wconf 72' lang='lat' dir='ltr'>Lysimachum</span> 
     </span>
     <span class='ocr_line' id='line_1_28' title="bbox 343 3312 1881 3394; baseline 0.002 -19"><span class='ocrx_word' id='word_1_164' title='bbox 343 3312 695 3391; x_wconf 78' lang='lat' dir='ltr'><strong>Thraciae,</strong></span> <span class='ocrx_word' id='word_1_165' title='bbox 737 3316 1152 3380; x_wconf 81' lang='lat' dir='ltr'><strong>Demetrium</strong></span> <span class='ocrx_word' id='word_1_166' title='bbox 1202 3317 1664 3394; x_wconf 78' lang='lat' dir='ltr'><strong>Macedoniae,</strong></span> <span class='ocrx_word' id='word_1_167' title='bbox 1714 3318 1881 3378; x_wconf 86' lang='lat' dir='ltr'><strong>Are-</strong></span> 
     </span>
     <span class='ocr_line' id='line_1_29' title="bbox 345 3414 1880 3500; baseline 0.005 -26"><span class='ocrx_word' id='word_1_168' title='bbox 345 3433 442 3473; x_wconf 85' lang='lat' dir='ltr'><strong>um</strong></span> <span class='ocrx_word' id='word_1_169' title='bbox 476 3414 754 3500; x_wconf 82' lang='lat' dir='ltr'><strong>Spartae</strong></span> <span class='ocrx_word' id='word_1_170' title='bbox 803 3436 1003 3500; x_wconf 82' lang='lat' dir='ltr'><strong>reges</strong></span> <span class='ocrx_word' id='word_1_171' title='bbox 1045 3434 1173 3484; x_wconf 80' lang='lat' dir='ltr'><strong>etc.</strong></span> <span class='ocrx_word' id='word_1_172' title='bbox 1236 3419 1594 3484; x_wconf 74' lang='lat' dir='ltr'><strong>Alexandri</strong></span> <span class='ocrx_word' id='word_1_173' title='bbox 1631 3423 1723 3483; x_wconf 79' lang='lat' dir='ltr'><strong>M.</strong></span> <span class='ocrx_word' id='word_1_174' title='bbox 1763 3439 1880 3481; x_wconf 89' lang='lat' dir='ltr'><strong>nu·</strong></span> 
     </span>
     <span class='ocr_line' id='line_1_30' title="bbox 342 3520 1877 3604; baseline 0.007 -30"><span class='ocrx_word' id='word_1_175' title='bbox 342 3532 472 3577; x_wconf 78' lang='lat' dir='ltr'><strong>mos</strong></span> <span class='ocrx_word' id='word_1_176' title='bbox 526 3538 773 3581; x_wconf 81' lang='lat' dir='ltr'><strong>aureos</strong></span> <span class='ocrx_word' id='word_1_177' title='bbox 843 3533 910 3582; x_wconf 81' lang='lat' dir='ltr'><strong>et</strong></span> <span class='ocrx_word' id='word_1_178' title='bbox 968 3533 1317 3604; x_wconf 79' lang='lat' dir='ltr'><strong>argenteos</strong></span> <span class='ocrx_word' id='word_1_179' title='bbox 1371 3520 1674 3604; x_wconf 80' lang='lat' dir='ltr'><strong>proxime</strong></span> <span class='ocrx_word' id='word_1_180' title='bbox 1731 3541 1877 3584; x_wconf 83' lang='lat' dir='ltr'><strong>esse</strong></span> 
     </span>
     <span class='ocr_line' id='line_1_31' title="bbox 339 3613 1879 3708; baseline 0.005 -34"><span class='ocrx_word' id='word_1_181' title='bbox 339 3613 614 3679; x_wconf 80' lang='lat' dir='ltr'><strong>imitatos</strong></span> <span class='ocrx_word' id='word_1_182' title='bbox 671 3618 991 3699; x_wconf 81' lang='lat' dir='ltr'><strong>signando</strong></span> <span class='ocrx_word' id='word_1_183' title='bbox 1047 3621 1115 3682; x_wconf 89' lang='lat' dir='ltr'><strong>in</strong></span> <span class='ocrx_word' id='word_1_184' title='bbox 1173 3620 1278 3683; x_wconf 86' lang='lat' dir='ltr'><strong>his</strong></span> <span class='ocrx_word' id='word_1_185' title='bbox 1336 3636 1529 3708; x_wconf 86' lang='lat' dir='ltr'><strong>caput</strong></span> <span class='ocrx_word' id='word_1_186' title='bbox 1592 3622 1879 3687; x_wconf 85' lang='lat' dir='ltr'><strong>Palladis</strong></span> 
     </span>
     <span class='ocr_line' id='line_1_32' title="bbox 341 3718 1880 3805; baseline 0.003 -26"><span class='ocrx_word' id='word_1_187' title='bbox 341 3731 403 3779; x_wconf 89' lang='lat' dir='ltr'><strong>et</strong></span> <span class='ocrx_word' id='word_1_188' title='bbox 457 3718 827 3785; x_wconf 78' lang='lat' dir='ltr'><strong>Victoriam</strong></span> <span class='ocrx_word' id='word_1_189' title='bbox 862 3765 881 3796; x_wconf 94' lang='lat'><strong>,</strong></span> <span class='ocrx_word' id='word_1_190' title='bbox 949 3736 1087 3785; x_wconf 86' lang='lat' dir='ltr'><strong>tum</strong></span> <span class='ocrx_word' id='word_1_191' title='bbox 1163 3734 1356 3805; x_wconf 86' lang='lat' dir='ltr'><strong>caput</strong></span> <span class='ocrx_word' id='word_1_192' title='bbox 1426 3722 1738 3787; x_wconf 84' lang='lat' dir='ltr'><strong>Herculis</strong></span> <span class='ocrx_word' id='word_1_193' title='bbox 1813 3736 1880 3784; x_wconf 90' lang='lat' dir='ltr'><strong>et</strong></span> 
     </span>
     <span class='ocr_line' id='line_1_33' title="bbox 340 3816 1878 3910; baseline 0.004 -30"><span class='ocrx_word' id='word_1_194' title='bbox 340 3816 560 3910; x_wconf 80' lang='lat' dir='ltr'><strong>Jovem</strong></span> <span class='ocrx_word' id='word_1_195' title='bbox 628 3822 1065 3903; x_wconf 83' lang='lat' dir='ltr'><strong>aetophorum</strong></span> <span class='ocrx_word' id='word_1_196' title='bbox 1122 3822 1347 3886; x_wconf 88' lang='lat' dir='ltr'><strong>addito</strong></span> <span class='ocrx_word' id='word_1_197' title='bbox 1408 3845 1527 3887; x_wconf 87' lang='lat' dir='ltr'><strong>suo</strong></span> <span class='ocrx_word' id='word_1_198' title='bbox 1586 3824 1878 3908; x_wconf 85' lang='lat' dir='ltr'><strong>ipsorum</strong></span> 
     </span>
     <span class='ocr_line' id='line_1_34' title="bbox 339 3921 1880 4006; baseline 0.006 -27"><span class='ocrx_word' id='word_1_199' title='bbox 339 3921 617 3985; x_wconf 84' lang='lat' dir='ltr'><strong>nomine.</strong></span> <span class='ocrx_word' id='word_1_200' title='bbox 705 3924 957 3988; x_wconf 87' lang='lat' dir='ltr'><strong>Eodem</strong></span> <span class='ocrx_word' id='word_1_201' title='bbox 1032 3943 1196 4006; x_wconf 82' lang='lat' dir='ltr'><strong>ergo</strong></span> <span class='ocrx_word' id='word_1_202' title='bbox 1259 3923 1457 3987; x_wconf 90' lang='lat' dir='ltr'><strong>modo</strong></span> <span class='ocrx_word' id='word_1_203' title='bbox 1519 3926 1880 3994; x_wconf 71' lang='lat' dir='ltr'><strong>verisimile</strong></span> 
     </span>
     <span class='ocr_line' id='line_1_35' title="bbox 340 4024 1877 4108; baseline 0.003 -24"><span class='ocrx_word' id='word_1_204' title='bbox 340 4038 590 4108; x_wconf 85' lang='lat' dir='ltr'><strong>quoque</strong></span> <span class='ocrx_word' id='word_1_205' title='bbox 652 4037 758 4086; x_wconf 85' lang='lat' dir='ltr'><strong>est</strong></span> <span class='ocrx_word' id='word_1_206' title='bbox 797 4070 816 4101; x_wconf 96' lang='lat'><strong>,</strong></span> <span class='ocrx_word' id='word_1_207' title='bbox 877 4024 1234 4089; x_wconf 82' lang='lat' dir='ltr'><strong>Aridaeum</strong></span> <span class='ocrx_word' id='word_1_208' title='bbox 1294 4043 1619 4089; x_wconf 75' lang='lat' dir='ltr'><strong>monetam</strong></span> <span class='ocrx_word' id='word_1_209' title='bbox 1700 4047 1877 4089; x_wconf 85' lang='lat' dir='ltr'><strong>suam</strong></span> 
     </span>
     <span class='ocr_line' id='line_1_36' title="bbox 339 4121 1877 4209; baseline 0.007 -27"><span class='ocrx_word' id='word_1_210' title='bbox 339 4121 414 4183; x_wconf 92' lang='lat' dir='ltr'><strong>ad</strong></span> <span class='ocrx_word' id='word_1_211' title='bbox 466 4126 815 4209; x_wconf 82' lang='lat' dir='ltr'><strong>exemplar</strong></span> <span class='ocrx_word' id='word_1_212' title='bbox 872 4141 1176 4191; x_wconf 86' lang='lat' dir='ltr'><strong>monetae</strong></span> <span class='ocrx_word' id='word_1_213' title='bbox 1237 4126 1568 4192; x_wconf 71' lang='lat' dir='ltr'><strong>fraternae</strong></span> <span class='ocrx_word' id='word_1_214' title='bbox 1629 4126 1877 4192; x_wconf 87' lang='lat' dir='ltr'><strong>cudere</strong></span> 
     </span>
     <span class='ocr_line' id='line_1_37' title="bbox 339 4223 1880 4311; baseline 0.003 -24"><span class='ocrx_word' id='word_1_215' title='bbox 339 4223 734 4304; x_wconf 75' lang='lat' dir='ltr'><strong>perrexisse.</strong></span> <span class='ocrx_word' id='word_1_216' title='bbox 788 4227 863 4295; x_wconf 84' lang='lat' dir='ltr'><strong>V.</strong></span> <span class='ocrx_word' id='word_1_217' title='bbox 907 4228 1171 4311; x_wconf 79' lang='lat' dir='ltr'><strong>Insigne</strong></span> <span class='ocrx_word' id='word_1_218' title='bbox 1217 4243 1711 4311; x_wconf 72' lang='lat' dir='ltr'><strong>argumentum,</strong></span> <span class='ocrx_word' id='word_1_219' title='bbox 1759 4230 1880 4292; x_wconf 86' lang='lat' dir='ltr'><strong>hos</strong></span> 
     </span>
     <span class='ocr_line' id='line_1_38' title="bbox 338 4326 1886 4414; baseline 0.006 -31"><span class='ocrx_word' id='word_1_220' title='bbox 338 4342 559 4386; x_wconf 84' lang='lat' dir='ltr'><strong>numos</strong></span> <span class='ocrx_word' id='word_1_221' title='bbox 615 4326 707 4389; x_wconf 81' lang='lat' dir='ltr'><strong>ad</strong></span> <span class='ocrx_word' id='word_1_222' title='bbox 766 4329 1123 4395; x_wconf 83' lang='lat' dir='ltr'><strong>Aridaeum</strong></span> <span class='ocrx_word' id='word_1_223' title='bbox 1181 4329 1518 4412; x_wconf 87' lang='lat' dir='ltr'><strong>pertinere</strong></span> <span class='ocrx_word' id='word_1_224' title='bbox 1552 4373 1569 4405; x_wconf 91' lang='lat'>‚</span> <span class='ocrx_word' id='word_1_225' title='bbox 1644 4350 1886 4414; x_wconf 83' lang='lat' dir='ltr'><strong>propo-</strong></span> 
     </span>
     <span class='ocr_line' id='line_1_39' title="bbox 344 4416 1886 4513; baseline 0.006 -30"><span class='ocrx_word' id='word_1_226' title='bbox 344 4441 482 4486; x_wconf 82' lang='lat' dir='ltr'><strong>nam</strong></span> <span class='ocrx_word' id='word_1_227' title='bbox 539 4425 719 4490; x_wconf 81' lang='lat' dir='ltr'><strong>infra</strong></span> <span class='ocrx_word' id='word_1_228' title='bbox 775 4416 843 4489; x_wconf 84' lang='lat' dir='ltr'><strong>in</strong></span> <span class='ocrx_word' id='word_1_229' title='bbox 903 4430 1044 4513; x_wconf 85' lang='lat' dir='ltr'><strong>ejus</strong></span> <span class='ocrx_word' id='word_1_230' title='bbox 1109 4446 1370 4496; x_wconf 89' lang='lat' dir='ltr'><strong>moneta</strong></span> <span class='ocrx_word' id='word_1_231' title='bbox 1428 4447 1510 4495; x_wconf 81' lang='lat' dir='ltr'><strong>ex</strong></span> <span class='ocrx_word' id='word_1_232' title='bbox 1585 4453 1787 4493; x_wconf 87' lang='lat' dir='ltr'><strong>numo</strong></span> <span class='ocrx_word' id='word_1_233' title='bbox 1850 4453 1886 4493; x_wconf 90' lang='lat' dir='ltr'><strong>a</strong></span> 
     </span>
     <span class='ocr_line' id='line_1_40' title="bbox 341 4523 1887 4618; baseline 0.006 -29"><span class='ocrx_word' id='word_1_234' title='bbox 341 4523 548 4606; x_wconf 73' lang='lat' dir='ltr'><strong>Lyciis</strong></span> <span class='ocrx_word' id='word_1_235' title='bbox 609 4526 927 4612; x_wconf 79' lang='lat' dir='ltr'><strong>signato,</strong></span> <span class='ocrx_word' id='word_1_236' title='bbox 989 4554 1121 4617; x_wconf 83' lang='lat' dir='ltr'><strong>quc</strong></span> <span class='ocrx_word' id='word_1_237' title='bbox 1181 4533 1332 4600; x_wconf 84' lang='lat' dir='ltr'><strong>loco</strong></span> <span class='ocrx_word' id='word_1_238' title='bbox 1389 4548 1455 4599; x_wconf 81' lang='lat' dir='ltr'><strong>ct</strong></span> <span class='ocrx_word' id='word_1_239' title='bbox 1512 4532 1710 4618; x_wconf 80' lang='lat' dir='ltr'><strong>plura</strong></span> <span class='ocrx_word' id='word_1_240' title='bbox 1762 4532 1887 4598; x_wconf 74' lang='lat' dir='ltr'><strong>alia</strong></span> 
     </span>
    </p>
   </div>
   <div class='ocr_carea' id='block_1_8' title="bbox 1926 671 3487 2488">
    <p class='ocr_par' dir='ltr' id='par_1_8' title="bbox 1926 671 3470 963">
     <span class='ocr_line' id='line_1_41' title="bbox 1927 671 3470 762; baseline -0.002 -24"><span class='ocrx_word' id='word_1_241' title='bbox 1927 675 2418 762; x_wconf 82' lang='lat' dir='ltr'><strong>producentur,</strong></span> <span class='ocrx_word' id='word_1_242' title='bbox 2465 690 2633 761; x_wconf 86' lang='lat' dir='ltr'><strong>qnae</strong></span> <span class='ocrx_word' id='word_1_243' title='bbox 2677 671 3064 737; x_wconf 87' lang='lat' dir='ltr'><strong>sententiam</strong></span> <span class='ocrx_word' id='word_1_244' title='bbox 3107 673 3277 738; x_wconf 87' lang='lat' dir='ltr'><strong>hanc</strong></span> <span class='ocrx_word' id='word_1_245' title='bbox 3318 672 3470 737; x_wconf 80' lang='lat' dir='ltr'><strong>inu·</strong></span> 
     </span>
     <span class='ocr_line' id='line_1_42' title="bbox 1930 773 3468 863; baseline -0.004 -21"><span class='ocrx_word' id='word_1_246' title='bbox 1930 791 2175 854; x_wconf 85' lang='lat' dir='ltr'><strong>strant,</strong></span> <span class='ocrx_word' id='word_1_247' title='bbox 2262 775 2381 842; x_wconf 89' lang='lat' dir='ltr'><strong>sed</strong></span> <span class='ocrx_word' id='word_1_248' title='bbox 2455 793 2625 863; x_wconf 83' lang='lat' dir='ltr'><strong>quae</strong></span> <span class='ocrx_word' id='word_1_249' title='bbox 2698 774 2808 838; x_wconf 86' lang='lat' dir='ltr'><strong>hic</strong></span> <span class='ocrx_word' id='word_1_250' title='bbox 2865 773 3206 841; x_wconf 83' lang='lat' dir='ltr'><strong>brevitatis</strong></span> <span class='ocrx_word' id='word_1_251' title='bbox 3277 793 3468 838; x_wconf 80' lang='lat' dir='ltr'><strong>causa</strong></span> 
     </span>
     <span class='ocr_line' id='line_1_43' title="bbox 1926 892 2300 963; baseline 0.005 -21"><span class='ocrx_word' id='word_1_252' title='bbox 1926 892 2300 963; x_wconf 71' lang='lat' dir='ltr'><strong>praetereo,</strong></span> 
     </span>
    </p>

    <p class='ocr_par' dir='ltr' id='par_1_9' title="bbox 1935 976 3487 2488">
     <span class='ocr_line' id='line_1_44' title="bbox 2014 976 3473 1065; baseline -0.003 -21"><span class='ocrx_word' id='word_1_253' title='bbox 2014 985 2309 1065; x_wconf 82' lang='lat' dir='ltr'><strong>Apparet</strong></span> <span class='ocrx_word' id='word_1_254' title='bbox 2352 999 2437 1042; x_wconf 83' lang='lat' dir='ltr'><strong>ex</strong></span> <span class='ocrx_word' id='word_1_255' title='bbox 2478 976 2620 1054; x_wconf 84' lang='lat' dir='ltr'><strong>his,</strong></span> <span class='ocrx_word' id='word_1_256' title='bbox 2666 996 2836 1065; x_wconf 78' lang='lat' dir='ltr'><strong>quae</strong></span> <span class='ocrx_word' id='word_1_257' title='bbox 2898 977 3071 1053; x_wconf 83' lang='lat' dir='ltr'><strong>dixi,</strong></span> <span class='ocrx_word' id='word_1_258' title='bbox 3131 976 3199 1039; x_wconf 88' lang='lat' dir='ltr'><strong>in</strong></span> <span class='ocrx_word' id='word_1_259' title='bbox 3254 977 3473 1039; x_wconf 78' lang='lat' dir='ltr'><strong>numia</strong></span> 
     </span>
     <span class='ocr_line' id='line_1_45' title="bbox 1935 1078 3475 1167; baseline -0.005 -21"><span class='ocrx_word' id='word_1_260' title='bbox 1935 1084 2226 1167; x_wconf 85' lang='lat' dir='ltr'><strong>Philippi</strong></span> <span class='ocrx_word' id='word_1_261' title='bbox 2284 1084 2365 1145; x_wconf 89' lang='lat'><strong>11.</strong></span> <span class='ocrx_word' id='word_1_262' title='bbox 2427 1080 2626 1147; x_wconf 81' lang='lat' dir='ltr'><strong>certis</strong></span> <span class='ocrx_word' id='word_1_263' title='bbox 2688 1080 2902 1143; x_wconf 89' lang='lat' dir='ltr'><strong>omitti</strong></span> <span class='ocrx_word' id='word_1_264' title='bbox 2960 1090 3336 1143; x_wconf 76' lang='lat' dir='ltr'><strong>constanter</strong></span> <span class='ocrx_word' id='word_1_265' title='bbox 3396 1078 3475 1140; x_wconf 88' lang='lat' dir='ltr'><strong>ti·</strong></span> 
     </span>
     <span class='ocr_line' id='line_1_46' title="bbox 1935 1174 3473 1267; baseline -0.003 -20"><span class='ocrx_word' id='word_1_266' title='bbox 1935 1186 2148 1247; x_wconf 88' lang='lat' dir='ltr'><strong>tulum</strong></span> <span class='ocrx_word' id='word_1_267' title='bbox 2189 1174 2715 1246; x_wconf 75' lang='grc' dir='ltr'><strong>’ΒΑΣΙΛΕΩΣ</strong></span> <span class='ocrx_word' id='word_1_268' title='bbox 2749 1228 2768 1259; x_wconf 87' lang='grc'><em>,</em></span> <span class='ocrx_word' id='word_1_269' title='bbox 2825 1182 2911 1267; x_wconf 31' lang='grc' dir='ltr'><strong>ἱιιᾶ</strong></span> <span class='ocrx_word' id='word_1_270' title='bbox 2966 1180 3179 1245; x_wconf 75' lang='lat' dir='ltr'><strong>numia</strong></span> <span class='ocrx_word' id='word_1_271' title='bbox 3214 1224 3232 1257; x_wconf 95' lang='lat'><strong>,</strong></span> <span class='ocrx_word' id='word_1_272' title='bbox 3307 1198 3473 1265; x_wconf 85' lang='lat' dir='ltr'><strong>quos</strong></span> 
     </span>
     <span class='ocr_line' id='line_1_47' title="bbox 1938 1280 3474 1366; baseline -0.004 -20"><span class='ocrx_word' id='word_1_273' title='bbox 1938 1304 2084 1348; x_wconf 83' lang='lat' dir='ltr'><strong>esse</strong></span> <span class='ocrx_word' id='word_1_274' title='bbox 2118 1283 2384 1348; x_wconf 81' lang='lat' dir='ltr'><strong>Aridaei</strong></span> <span class='ocrx_word' id='word_1_275' title='bbox 2427 1282 2596 1360; x_wconf 83' lang='lat' dir='ltr'><strong>dixi,</strong></span> <span class='ocrx_word' id='word_1_276' title='bbox 2640 1280 2917 1366; x_wconf 84' lang='lat' dir='ltr'><strong>perinde</strong></span> <span class='ocrx_word' id='word_1_277' title='bbox 2965 1304 3041 1347; x_wconf 90' lang='lat' dir='ltr'><strong>ac</strong></span> <span class='ocrx_word' id='word_1_278' title='bbox 3092 1282 3159 1343; x_wconf 90' lang='lat' dir='ltr'><strong>in</strong></span> <span class='ocrx_word' id='word_1_279' title='bbox 3192 1281 3474 1345; x_wconf 78' lang='lat' dir='ltr'><strong>Alexan·</strong></span> 
     </span>
     <span class='ocr_line' id='line_1_48' title="bbox 1936 1383 3477 1469; baseline -0.002 -20"><span class='ocrx_word' id='word_1_280' title='bbox 1936 1385 2038 1449; x_wconf 83' lang='lat' dir='ltr'><strong>tlri</strong></span> <span class='ocrx_word' id='word_1_281' title='bbox 2089 1385 2304 1448; x_wconf 77' lang='lat' dir='ltr'><strong>numia</strong></span> <span class='ocrx_word' id='word_1_282' title='bbox 2354 1383 2485 1467; x_wconf 86' lang='lat' dir='ltr'><strong>jam</strong></span> <span class='ocrx_word' id='word_1_283' title='bbox 2530 1384 2717 1462; x_wconf 87' lang='lat' dir='ltr'><strong>addi,</strong></span> <span class='ocrx_word' id='word_1_284' title='bbox 2764 1384 2893 1469; x_wconf 86' lang='lat' dir='ltr'><strong>jam</strong></span> <span class='ocrx_word' id='word_1_285' title='bbox 2926 1383 3161 1449; x_wconf 85' lang='lat' dir='ltr'><strong>omitti..</strong></span> <span class='ocrx_word' id='word_1_286' title='bbox 3207 1384 3311 1444; x_wconf 86' lang='lat' dir='ltr'><strong>Ex</strong></span> <span class='ocrx_word' id='word_1_287' title='bbox 3342 1402 3477 1466; x_wconf 83' lang='lat' dir='ltr'><strong>quo</strong></span> 
     </span>
     <span class='ocr_line' id='line_1_49' title="bbox 1935 1484 3479 1570; baseline -0.001 -21"><span class='ocrx_word' id='word_1_288' title='bbox 1935 1500 2152 1570; x_wconf 84' lang='lat' dir='ltr'><strong>patet,</strong></span> <span class='ocrx_word' id='word_1_289' title='bbox 2196 1487 2485 1550; x_wconf 87' lang='lat' dir='ltr'><strong>nondum</strong></span> <span class='ocrx_word' id='word_1_290' title='bbox 2530 1484 2717 1550; x_wconf 73' lang='lat' dir='ltr'><strong>certo</strong></span> <span class='ocrx_word' id='word_1_291' title='bbox 2750 1500 3076 1563; x_wconf 83' lang='lat' dir='ltr'><strong>constare,</strong></span> <span class='ocrx_word' id='word_1_292' title='bbox 3121 1486 3290 1549; x_wconf 82' lang='lat' dir='ltr'><strong>sitne</strong></span> <span class='ocrx_word' id='word_1_293' title='bbox 3322 1484 3479 1548; x_wconf 76' lang='lat' dir='ltr'><strong>Phi·</strong></span> 
     </span>
     <span class='ocr_line' id='line_1_50' title="bbox 1937 1586 3474 1673; baseline 0.001 -26"><span class='ocrx_word' id='word_1_294' title='bbox 1937 1586 2152 1671; x_wconf 86' lang='lat' dir='ltr'><strong>lippus</strong></span> <span class='ocrx_word' id='word_1_295' title='bbox 2198 1591 2276 1650; x_wconf 87' lang='lat' dir='ltr'><strong>IL</strong></span> <span class='ocrx_word' id='word_1_296' title='bbox 2334 1589 2405 1651; x_wconf 88' lang='lat' dir='ltr'><strong>in</strong></span> <span class='ocrx_word' id='word_1_297' title='bbox 2447 1601 2711 1652; x_wconf 84' lang='lat' dir='ltr'><strong>moneta</strong></span> <span class='ocrx_word' id='word_1_298' title='bbox 2744 1589 3007 1673; x_wconf 79' lang='lat' dir='ltr'><strong>publica</strong></span> <span class='ocrx_word' id='word_1_299' title='bbox 3053 1588 3246 1671; x_wconf 76' lang='lat' dir='ltr'><strong>regio</strong></span> <span class='ocrx_word' id='word_1_300' title='bbox 3280 1587 3474 1650; x_wconf 88' lang='lat' dir='ltr'><strong>titulo</strong></span> 
     </span>
     <span class='ocr_line' id='line_1_51' title="bbox 1939 1687 3476 1774; baseline 0.001 -24"><span class='ocrx_word' id='word_1_301' title='bbox 1939 1710 2135 1764; x_wconf 84' lang='lat' dir='ltr'><strong>usus,</strong></span> <span class='ocrx_word' id='word_1_302' title='bbox 2197 1690 2366 1766; x_wconf 84' lang='lat' dir='ltr'><strong>etsi,</strong></span> <span class='ocrx_word' id='word_1_303' title='bbox 2424 1704 2494 1754; x_wconf 91' lang='lat' dir='ltr'><strong>ut</strong></span> <span class='ocrx_word' id='word_1_304' title='bbox 2538 1710 2733 1774; x_wconf 85' lang='lat' dir='ltr'><strong>supra</strong></span> <span class='ocrx_word' id='word_1_305' title='bbox 2779 1687 3038 1763; x_wconf 88' lang='lat' dir='ltr'><strong>monui,</strong></span> <span class='ocrx_word' id='word_1_306' title='bbox 3098 1708 3218 1751; x_wconf 79' lang='lat' dir='ltr'><strong>rex</strong></span> <span class='ocrx_word' id='word_1_307' title='bbox 3261 1688 3476 1773; x_wconf 86' lang='lat' dir='ltr'><strong>palam</strong></span> 
     </span>
     <span class='ocr_line' id='line_1_52' title="bbox 1940 1788 3479 1877; baseline 0.003 -28"><span class='ocrx_word' id='word_1_308' title='bbox 1940 1788 2155 1854; x_wconf 85' lang='lat' dir='ltr'><strong>dictus</strong></span> <span class='ocrx_word' id='word_1_309' title='bbox 2199 1805 2320 1858; x_wconf 80' lang='lat' dir='ltr'><strong>est.</strong></span> <span class='ocrx_word' id='word_1_310' title='bbox 2368 1791 2533 1877; x_wconf 87' lang='lat' dir='ltr'><strong>Ejus</strong></span> <span class='ocrx_word' id='word_1_311' title='bbox 2575 1791 2645 1855; x_wconf 90' lang='lat' dir='ltr'><strong>in</strong></span> <span class='ocrx_word' id='word_1_312' title='bbox 2686 1789 2903 1854; x_wconf 76' lang='lat' dir='ltr'><strong>numia</strong></span> <span class='ocrx_word' id='word_1_313' title='bbox 2948 1788 3339 1854; x_wconf 76' lang='lat' dir='ltr'><strong>dissimulati</strong></span> <span class='ocrx_word' id='word_1_314' title='bbox 3380 1810 3479 1853; x_wconf 87' lang='lat' dir='ltr'><strong>ra·</strong></span> 
     </span>
     <span class='ocr_line' id='line_1_53' title="bbox 1940 1891 3477 1977; baseline -0.001 -23"><span class='ocrx_word' id='word_1_315' title='bbox 1940 1895 2032 1957; x_wconf 92' lang='lat' dir='ltr'><strong>tio</strong></span> <span class='ocrx_word' id='word_1_316' title='bbox 2084 1891 2403 1970; x_wconf 84' lang='lat' dir='ltr'><strong>obscura,</strong></span> <span class='ocrx_word' id='word_1_317' title='bbox 2450 1906 2665 1957; x_wconf 86' lang='lat' dir='ltr'><strong>tamen</strong></span> <span class='ocrx_word' id='word_1_318' title='bbox 2706 1915 2843 1958; x_wconf 89' lang='lat' dir='ltr'><strong>non</strong></span> <span class='ocrx_word' id='word_1_319' title='bbox 2890 1894 3051 1957; x_wconf 89' lang='lat' dir='ltr'><strong>citra</strong></span> <span class='ocrx_word' id='word_1_320' title='bbox 3080 1892 3477 1977; x_wconf 76' lang='lat' dir='ltr'><strong>exemplum.</strong></span> 
     </span>
     <span class='ocr_line' id='line_1_54' title="bbox 1938 1993 3482 2081; baseline -0.001 -24"><span class='ocrx_word' id='word_1_321' title='bbox 1938 1995 2149 2058; x_wconf 85' lang='lat' dir='ltr'><strong>Hiero</strong></span> <span class='ocrx_word' id='word_1_322' title='bbox 2200 1997 2279 2058; x_wconf 87' lang='lat'><strong>11.</strong></span> <span class='ocrx_word' id='word_1_323' title='bbox 2324 2015 2445 2058; x_wconf 86' lang='lat' dir='ltr'><strong>rex</strong></span> <span class='ocrx_word' id='word_1_324' title='bbox 2496 2018 2530 2058; x_wconf 91' lang='lat' dir='ltr'><strong>a</strong></span> <span class='ocrx_word' id='word_1_325' title='bbox 2564 1995 2695 2059; x_wconf 87' lang='lat' dir='ltr'><strong>suis</strong></span> <span class='ocrx_word' id='word_1_326' title='bbox 2737 1996 2949 2081; x_wconf 84' lang='lat' dir='ltr'><strong>palam</strong></span> <span class='ocrx_word' id='word_1_327' title='bbox 2994 1993 3252 2078; x_wconf 82' lang='lat' dir='ltr'><strong>agnitus</strong></span> <span class='ocrx_word' id='word_1_328' title='bbox 3300 1993 3482 2079; x_wconf 79' lang='lat' dir='ltr'><strong>regis</strong></span> 
     </span>
     <span class='ocr_line' id='line_1_55' title="bbox 1937 2082 3482 2164; baseline -0.002 -4"><span class='ocrx_word' id='word_1_329' title='bbox 1937 2111 2154 2164; x_wconf 83' lang='lat' dir='ltr'><strong>tamen</strong></span> <span class='ocrx_word' id='word_1_330' title='bbox 2207 2098 2473 2161; x_wconf 83' lang='lat' dir='ltr'><strong>nomine</strong></span> <span class='ocrx_word' id='word_1_331' title='bbox 2516 2099 2585 2161; x_wconf 88' lang='lat' dir='ltr'><strong>in</strong></span> <span class='ocrx_word' id='word_1_332' title='bbox 2635 2111 2895 2161; x_wconf 84' lang='lat' dir='ltr'><strong>moneta</strong></span> <span class='ocrx_word' id='word_1_333' title='bbox 2942 2082 3057 2160; x_wconf 63' lang='lat' dir='ltr'><strong>sua</strong></span> <span class='ocrx_word' id='word_1_334' title='bbox 3106 2108 3482 2160; x_wconf 77' lang='lat' dir='ltr'><strong>constanter</strong></span> 
     </span>
     <span class='ocr_line' id='line_1_56' title="bbox 1937 2198 3484 2283; baseline 0.001 -22"><span class='ocrx_word' id='word_1_335' title='bbox 1937 2199 2273 2265; x_wconf 73' lang='lat' dir='ltr'><strong>abstinuit.</strong></span> <span class='ocrx_word' id='word_1_336' title='bbox 2317 2199 2716 2281; x_wconf 80' lang='lat' dir='ltr'><strong>Agathocles</strong></span> <span class='ocrx_word' id='word_1_337' title='bbox 2737 2199 2999 2279; x_wconf 79' lang='lat' dir='ltr'><strong>Siculus</strong></span> <span class='ocrx_word' id='word_1_338' title='bbox 3028 2198 3207 2282; x_wconf 81' lang='lat' dir='ltr'><strong>regis</strong></span> <span class='ocrx_word' id='word_1_339' title='bbox 3242 2217 3484 2283; x_wconf 83' lang='lat' dir='ltr'><strong>nomen</strong></span> 
     </span>
     <span class='ocr_line' id='line_1_57' title="bbox 1941 2299 3487 2386; baseline 0 -22"><span class='ocrx_word' id='word_1_340' title='bbox 1941 2316 2166 2385; x_wconf 83' lang='lat' dir='ltr'><strong>aperte</strong></span> <span class='ocrx_word' id='word_1_341' title='bbox 2210 2304 2280 2365; x_wconf 90' lang='lat' dir='ltr'><strong>in</strong></span> <span class='ocrx_word' id='word_1_342' title='bbox 2329 2302 2545 2364; x_wconf 75' lang='lat' dir='ltr'><strong>numia</strong></span> <span class='ocrx_word' id='word_1_343' title='bbox 2594 2300 2934 2386; x_wconf 81' lang='lat' dir='ltr'><strong>professus</strong></span> <span class='ocrx_word' id='word_1_344' title='bbox 2973 2316 3114 2377; x_wconf 86' lang='lat' dir='ltr'><strong>est,</strong></span> <span class='ocrx_word' id='word_1_345' title='bbox 3156 2314 3221 2363; x_wconf 85' lang='lat' dir='ltr'><strong>at</strong></span> <span class='ocrx_word' id='word_1_346' title='bbox 3266 2299 3487 2364; x_wconf 88' lang='lat' dir='ltr'><strong>diade·</strong></span> 
     </span>
     <span class='ocr_line' id='line_1_58' title="bbox 1942 2401 3485 2488; baseline 0 -22"><span class='ocrx_word' id='word_1_347' title='bbox 1942 2416 2149 2478; x_wconf 84' lang='lat' dir='ltr'><strong>mate,</strong></span> <span class='ocrx_word' id='word_1_348' title='bbox 2195 2403 2373 2488; x_wconf 84' lang='lat' dir='ltr'><strong>quod</strong></span> <span class='ocrx_word' id='word_1_349' title='bbox 2413 2403 2596 2488; x_wconf 77' lang='lat' dir='ltr'><strong>regis</strong></span> <span class='ocrx_word' id='word_1_350' title='bbox 2643 2416 2746 2467; x_wconf 86' lang='lat' dir='ltr'><strong>est</strong></span> <span class='ocrx_word' id='word_1_351' title='bbox 2787 2401 3084 2486; x_wconf 82' lang='lat' dir='ltr'><strong>insigne,</strong></span> <span class='ocrx_word' id='word_1_352' title='bbox 3143 2402 3240 2465; x_wconf 85' lang='lat' dir='ltr'><strong>uti</strong></span> <span class='ocrx_word' id='word_1_353' title='bbox 3289 2421 3485 2466; x_wconf 78' lang='lat' dir='ltr'><strong>ausus</strong></span> 
     </span>
    </p>
   </div>
   <div class='ocr_carea' id='block_1_9' title="bbox 1939 2502 3609 2587">
    <p class='ocr_par' dir='ltr' id='par_1_10' title="bbox 1939 2502 3609 2587">
     <span class='ocr_line' id='line_1_59' title="bbox 1939 2502 3609 2587; baseline -0.002 -19"><span class='ocrx_word' id='word_1_354' title='bbox 1939 2526 2073 2568; x_wconf 86' lang='lat' dir='ltr'><strong>non</strong></span> <span class='ocrx_word' id='word_1_355' title='bbox 2116 2504 2263 2569; x_wconf 82' lang='lat' dir='ltr'><strong>fuit.</strong></span> <span class='ocrx_word' id='word_1_356' title='bbox 2309 2506 2553 2568; x_wconf 86' lang='lat' dir='ltr'><strong>Contra</strong></span> <span class='ocrx_word' id='word_1_357' title='bbox 2598 2506 2665 2567; x_wconf 87' lang='lat' dir='ltr'><strong>in</strong></span> <span class='ocrx_word' id='word_1_358' title='bbox 2722 2504 3150 2569; x_wconf 78' lang='lat' dir='ltr'><strong>Macedoniae</strong></span> <span class='ocrx_word' id='word_1_359' title='bbox 3215 2502 3486 2587; x_wconf 79' lang='lat' dir='ltr'><strong>regibus</strong></span> <span class='ocrx_word' id='word_1_360' title='bbox 3602 2576 3609 2581; x_wconf 87' lang='lat'>.</span> 
     </span>
    </p>
   </div>
   <div class='ocr_carea' id='block_1_10' title="bbox 1944 2603 3488 2691">
    <p class='ocr_par' dir='ltr' id='par_1_11' title="bbox 1944 2603 3488 2691">
     <span class='ocr_line' id='line_1_60' title="bbox 1944 2603 3488 2691; baseline -0.001 -23"><span class='ocrx_word' id='word_1_361' title='bbox 1944 2625 2154 2691; x_wconf 85' lang='lat' dir='ltr'><strong>usque</strong></span> <span class='ocrx_word' id='word_1_362' title='bbox 2212 2605 2297 2668; x_wconf 79' lang='lat' dir='ltr'><strong>ad</strong></span> <span class='ocrx_word' id='word_1_363' title='bbox 2359 2606 2803 2669; x_wconf 82' lang='lat' dir='ltr'><strong>Alexandrum</strong></span> <span class='ocrx_word' id='word_1_364' title='bbox 2860 2608 2953 2671; x_wconf 79' lang='lat' dir='ltr'><strong>M.</strong></span> <span class='ocrx_word' id='word_1_365' title='bbox 3012 2606 3224 2689; x_wconf 87' lang='lat' dir='ltr'><strong>major</strong></span> <span class='ocrx_word' id='word_1_366' title='bbox 3278 2607 3347 2667; x_wconf 89' lang='lat' dir='ltr'><strong>in</strong></span> <span class='ocrx_word' id='word_1_367' title='bbox 3392 2603 3488 2669; x_wconf 80' lang='lat' dir='ltr'><strong>ef·</strong></span> 
     </span>
    </p>
   </div>
   <div class='ocr_carea' id='block_1_11' title="bbox 1917 2703 3488 2789">
    <p class='ocr_par' dir='ltr' id='par_1_12' title="bbox 1917 2703 3488 2789">
     <span class='ocr_line' id='line_1_61' title="bbox 1917 2703 3488 2789; baseline -0.005 -16"><span class='ocrx_word' id='word_1_368' title='bbox 1917 2705 2226 2773; x_wconf 80' lang='lat' dir='ltr'><strong>.ferendo</strong></span> <span class='ocrx_word' id='word_1_369' title='bbox 2299 2706 2479 2789; x_wconf 82' lang='lat' dir='ltr'><strong>regis</strong></span> <span class='ocrx_word' id='word_1_370' title='bbox 2540 2706 2806 2772; x_wconf 88' lang='lat' dir='ltr'><strong>nomine</strong></span> <span class='ocrx_word' id='word_1_371' title='bbox 2863 2708 3261 2772; x_wconf 81' lang='lat' dir='ltr'><strong>reverentia.</strong></span> <span class='ocrx_word' id='word_1_372' title='bbox 3323 2703 3488 2788; x_wconf 84' lang='lat' dir='ltr'><strong>Ejus</strong></span> 
     </span>
    </p>
   </div>
   <div class='ocr_carea' id='block_1_12' title="bbox 1943 2798 3501 2891">
    <p class='ocr_par' dir='ltr' id='par_1_13' title="bbox 1943 2798 3501 2891">
     <span class='ocr_line' id='line_1_62' title="bbox 1943 2798 3501 2891; baseline 0 -22"><span class='ocrx_word' id='word_1_373' title='bbox 1943 2808 2113 2871; x_wconf 89' lang='lat' dir='ltr'><strong>ratio</strong></span> <span class='ocrx_word' id='word_1_374' title='bbox 2174 2822 2246 2871; x_wconf 87' lang='lat' dir='ltr'><strong>ut</strong></span> <span class='ocrx_word' id='word_1_375' title='bbox 2301 2808 2492 2872; x_wconf 87' lang='lat' dir='ltr'><strong>nobis</strong></span> <span class='ocrx_word' id='word_1_376' title='bbox 2552 2809 2774 2891; x_wconf 80' lang='lat' dir='ltr'><strong>ignota</strong></span> <span class='ocrx_word' id='word_1_377' title='bbox 2808 2852 2827 2886; x_wconf 81' lang='lat'><strong>,</strong></span> <span class='ocrx_word' id='word_1_378' title='bbox 2895 2811 2983 2873; x_wconf 88' lang='lat' dir='ltr'><strong>ita</strong></span> <span class='ocrx_word' id='word_1_379' title='bbox 3053 2808 3231 2872; x_wconf 87' lang='lat' dir='ltr'><strong>haud</strong></span> <span class='ocrx_word' id='word_1_380' title='bbox 3287 2798 3501 2870; x_wconf 69' lang='lat' dir='ltr'><strong>dubie&#39;</strong></span> 
     </span>
    </p>
   </div>
   <div class='ocr_carea' id='block_1_13' title="bbox 1948 2907 3618 2996">
    <p class='ocr_par' dir='ltr' id='par_1_14' title="bbox 1948 2907 3618 2996">
     <span class='ocr_line' id='line_1_63' title="bbox 1948 2907 3618 2996; baseline -0.002 -23"><span class='ocrx_word' id='word_1_381' title='bbox 1948 2930 2031 2973; x_wconf 80' lang='lat' dir='ltr'><strong>ex</strong></span> <span class='ocrx_word' id='word_1_382' title='bbox 2081 2909 2255 2975; x_wconf 78' lang='lat' dir='ltr'><strong>varia</strong></span> <span class='ocrx_word' id='word_1_383' title='bbox 2302 2909 2747 2993; x_wconf 72' lang='lat' dir='ltr'><strong>subjectorum</strong></span> <span class='ocrx_word' id='word_1_384' title='bbox 2793 2910 3192 2996; x_wconf 82' lang='lat' dir='ltr'><strong>populorum</strong></span> <span class='ocrx_word' id='word_1_385' title='bbox 3242 2907 3504 2993; x_wconf 85' lang='lat' dir='ltr'><strong>opinio·.</strong></span> <span class='ocrx_word' id='word_1_386' title='bbox 3613 2957 3618 2962; x_wconf 90' lang='lat'><strong>.</strong></span> 
     </span>
    </p>
   </div>
   <div class='ocr_carea' id='block_1_14' title="bbox 1948 3011 3505 3906">
    <p class='ocr_par' dir='ltr' id='par_1_15' title="bbox 1948 3011 3505 3906">
     <span class='ocr_line' id='line_1_64' title="bbox 1948 3011 3494 3096; baseline -0.001 -23"><span class='ocrx_word' id='word_1_387' title='bbox 1948 3031 2074 3087; x_wconf 87' lang='lat' dir='ltr'><strong>ne,</strong></span> <span class='ocrx_word' id='word_1_388' title='bbox 2134 3025 2203 3073; x_wconf 77' lang='lat' dir='ltr'><strong>et</strong></span> <span class='ocrx_word' id='word_1_389' title='bbox 2248 3011 2330 3074; x_wconf 88' lang='lat' dir='ltr'><strong>ab</strong></span> <span class='ocrx_word' id='word_1_390' title='bbox 2390 3013 2494 3076; x_wconf 87' lang='lat' dir='ltr'><strong>his</strong></span> <span class='ocrx_word' id='word_1_391' title='bbox 2542 3026 2721 3075; x_wconf 88' lang='lat' dir='ltr'><strong>metu</strong></span> <span class='ocrx_word' id='word_1_392' title='bbox 2779 3011 3163 3096; x_wconf 84' lang='lat' dir='ltr'><strong>repetenda.</strong></span> <span class='ocrx_word' id='word_1_393' title='bbox 3220 3012 3281 3073; x_wconf 84' lang='lat' dir='ltr'>A</span> <span class='ocrx_word' id='word_1_394' title='bbox 3331 3027 3494 3074; x_wconf 83' lang='lat' dir='ltr'><strong>vero</strong></span> 
     </span>
     <span class='ocr_line' id='line_1_65' title="bbox 1949 3110 3496 3198; baseline 0.001 -24"><span class='ocrx_word' id='word_1_395' title='bbox 1949 3133 2083 3175; x_wconf 89' lang='lat' dir='ltr'><strong>non</strong></span> <span class='ocrx_word' id='word_1_396' title='bbox 2151 3110 2468 3177; x_wconf 85' lang='lat' dir='ltr'><strong>abhorret</strong></span> <span class='ocrx_word' id='word_1_397' title='bbox 2500 3158 2518 3190; x_wconf 92' lang='lat'><strong>,</strong></span> <span class='ocrx_word' id='word_1_398' title='bbox 2578 3113 2783 3176; x_wconf 83' lang='lat' dir='ltr'><strong>fuisse</strong></span> <span class='ocrx_word' id='word_1_399' title='bbox 2841 3113 3222 3198; x_wconf 81' lang='lat' dir='ltr'><strong>Philippum</strong></span> <span class='ocrx_word' id='word_1_400' title='bbox 3276 3110 3344 3172; x_wconf 90' lang='lat' dir='ltr'><strong>in</strong></span> <span class='ocrx_word' id='word_1_401' title='bbox 3401 3111 3496 3195; x_wconf 86' lang='lat' dir='ltr'><strong>ja·</strong></span> 
     </span>
     <span class='ocr_line' id='line_1_66' title="bbox 1951 3212 3496 3299; baseline -0.002 -20"><span class='ocrx_word' id='word_1_402' title='bbox 1951 3214 2191 3279; x_wconf 90' lang='lat' dir='ltr'><strong>ctando</strong></span> <span class='ocrx_word' id='word_1_403' title='bbox 2277 3214 2689 3299; x_wconf 83' lang='lat' dir='ltr'><strong>frequentius</strong></span> <span class='ocrx_word' id='word_1_404' title='bbox 2767 3212 3245 3299; x_wconf 70' lang='lat' dir='ltr'><strong>superbiusque</strong></span> <span class='ocrx_word' id='word_1_405' title='bbox 3316 3215 3496 3299; x_wconf 82' lang='lat' dir='ltr'><strong>regis</strong></span> 
     </span>
     <span class='ocr_line' id='line_1_67' title="bbox 1952 3314 3497 3402; baseline 0.001 -27"><span class='ocrx_word' id='word_1_406' title='bbox 1952 3315 2145 3378; x_wconf 82' lang='lat' dir='ltr'><strong>titulo</strong></span> <span class='ocrx_word' id='word_1_407' title='bbox 2198 3314 2874 3402; x_wconf 83' lang='lat' dir='ltr'><strong>circumspectiorem,</strong></span> <span class='ocrx_word' id='word_1_408' title='bbox 2922 3315 3095 3400; x_wconf 88' lang='lat' dir='ltr'><strong>quod</strong></span> <span class='ocrx_word' id='word_1_409' title='bbox 3139 3315 3497 3380; x_wconf 86' lang='lat' dir='ltr'><strong>conciliare</strong></span> 
     </span>
     <span class='ocr_line' id='line_1_68' title="bbox 1953 3401 3498 3482; baseline -0.002 -2"><span class='ocrx_word' id='word_1_410' title='bbox 1953 3416 2080 3480; x_wconf 86' lang='lat' dir='ltr'><strong>sibi</strong></span> <span class='ocrx_word' id='word_1_411' title='bbox 2144 3418 2437 3482; x_wconf 73' lang='lat' dir='ltr'><strong>Graecos</strong></span> <span class='ocrx_word' id='word_1_412' title='bbox 2505 3418 2658 3482; x_wconf 83' lang='lat' dir='ltr'><strong>huic</strong></span> <span class='ocrx_word' id='word_1_413' title='bbox 2716 3416 2968 3480; x_wconf 88' lang='lat' dir='ltr'><strong>nomini</strong></span> <span class='ocrx_word' id='word_1_414' title='bbox 3025 3416 3327 3480; x_wconf 84' lang='lat' dir='ltr'><strong>inimicos</strong></span> <span class='ocrx_word' id='word_1_415' title='bbox 3384 3401 3498 3478; x_wconf 64' lang='lat' dir='ltr'><strong>iro-</strong></span> 
     </span>
     <span class='ocr_line' id='line_1_69' title="bbox 1952 3517 3503 3603; baseline 0.001 -25"><span class='ocrx_word' id='word_1_416' title='bbox 1952 3517 2176 3594; x_wconf 88' lang='lat' dir='ltr'><strong>lebat,</strong></span> <span class='ocrx_word' id='word_1_417' title='bbox 2250 3520 2391 3584; x_wconf 81' lang='lat' dir='ltr'><strong>sive</strong></span> <span class='ocrx_word' id='word_1_418' title='bbox 2460 3534 2533 3583; x_wconf 91' lang='lat' dir='ltr'><strong>ut</strong></span> <span class='ocrx_word' id='word_1_419' title='bbox 2601 3518 2727 3582; x_wconf 86' lang='lat' dir='ltr'><strong>hos</strong></span> <span class='ocrx_word' id='word_1_420' title='bbox 2801 3537 3059 3603; x_wconf 87' lang='lat' dir='ltr'><strong>qnoque</strong></span> <span class='ocrx_word' id='word_1_421' title='bbox 3107 3518 3503 3584; x_wconf 85' lang='lat' dir='ltr'><strong>incautiores</strong></span> 
     </span>
     <span class='ocr_line' id='line_1_70' title="bbox 1955 3613 3500 3704; baseline 0 -22"><span class='ocrx_word' id='word_1_422' title='bbox 1955 3613 2401 3704; x_wconf 85' lang='lat' dir='ltr'><strong>opprimeret,</strong></span> <span class='ocrx_word' id='word_1_423' title='bbox 2449 3619 2587 3684; x_wconf 82' lang='lat' dir='ltr'><strong>sive</strong></span> <span class='ocrx_word' id='word_1_424' title='bbox 2616 3633 2690 3684; x_wconf 87' lang='lat' dir='ltr'><strong>ut</strong></span> <span class='ocrx_word' id='word_1_425' title='bbox 2724 3618 2847 3683; x_wconf 82' lang='lat' dir='ltr'><strong>sibi</strong></span> <span class='ocrx_word' id='word_1_426' title='bbox 2878 3619 3130 3682; x_wconf 82' lang='lat' dir='ltr'><strong>bellum</strong></span> <span class='ocrx_word' id='word_1_427' title='bbox 3162 3620 3229 3682; x_wconf 91' lang='lat' dir='ltr'><strong>in</strong></span> <span class='ocrx_word' id='word_1_428' title='bbox 3262 3622 3500 3682; x_wconf 87' lang='lat' dir='ltr'><strong>Persas</strong></span> 
     </span>
     <span class='ocr_line' id='line_1_71' title="bbox 1955 3720 3503 3807; baseline 0.003 -26"><span class='ocrx_word' id='word_1_429' title='bbox 1955 3720 2297 3784; x_wconf 88' lang='lat' dir='ltr'><strong>meditanti</strong></span> <span class='ocrx_word' id='word_1_430' title='bbox 2368 3721 2736 3807; x_wconf 85' lang='lat' dir='ltr'><strong>promptius</strong></span> <span class='ocrx_word' id='word_1_431' title='bbox 2808 3721 3153 3806; x_wconf 76' lang='lat' dir='ltr'><strong>servirent.</strong></span> <span class='ocrx_word' id='word_1_432' title='bbox 3239 3724 3326 3785; x_wconf 85' lang='lat' dir='ltr'><strong>At</strong></span> <span class='ocrx_word' id='word_1_433' title='bbox 3400 3742 3503 3786; x_wconf 80' lang='lat' dir='ltr'><strong>ca·</strong></span> 
     </span>
     <span class='ocr_line' id='line_1_72' title="bbox 1951 3821 3505 3906; baseline 0.001 -23"><span class='ocrx_word' id='word_1_434' title='bbox 1951 3837 2136 3906; x_wconf 83' lang='lat' dir='ltr'><strong>ptum</strong></span> <span class='ocrx_word' id='word_1_435' title='bbox 2205 3824 2415 3885; x_wconf 84' lang='lat' dir='ltr'><strong>semel</strong></span> <span class='ocrx_word' id='word_1_436' title='bbox 2474 3822 2556 3886; x_wconf 85' lang='lat' dir='ltr'><strong>ab</strong></span> <span class='ocrx_word' id='word_1_437' title='bbox 2616 3822 2994 3888; x_wconf 85' lang='lat' dir='ltr'><strong>Alexandro</strong></span> <span class='ocrx_word' id='word_1_438' title='bbox 3042 3824 3302 3886; x_wconf 88' lang='lat' dir='ltr'><strong>titulum</strong></span> <span class='ocrx_word' id='word_1_439' title='bbox 3359 3821 3505 3886; x_wconf 83' lang='lat' dir='ltr'><strong>Ari-</strong></span> 
     </span>
    </p>
   </div>
   <div class='ocr_carea' id='block_1_15' title="bbox 1909 3923 3504 4009">
    <p class='ocr_par' dir='ltr' id='par_1_16' title="bbox 1909 3923 3504 4009">
     <span class='ocr_line' id='line_1_73' title="bbox 1909 3923 3504 4009; baseline 0.002 -25"><span class='ocrx_word' id='word_1_440' title='bbox 1909 3991 1914 3994; x_wconf 16' lang='grc' dir='ltr'><strong>Δ</strong></span> <span class='ocrx_word' id='word_1_441' title='bbox 1954 3923 2188 4002; x_wconf 78' lang='lat' dir='ltr'><strong>dacus,</strong></span> <span class='ocrx_word' id='word_1_442' title='bbox 2247 3924 2362 4008; x_wconf 84' lang='lat' dir='ltr'><strong>qui</strong></span> <span class='ocrx_word' id='word_1_443' title='bbox 2404 3926 2471 3988; x_wconf 90' lang='lat' dir='ltr'><strong>in</strong></span> <span class='ocrx_word' id='word_1_444' title='bbox 2519 3925 2740 3989; x_wconf 85' lang='lat' dir='ltr'><strong>fratris</strong></span> <span class='ocrx_word' id='word_1_445' title='bbox 2784 3925 2929 4009; x_wconf 79' lang='lat' dir='ltr'><strong>jura</strong></span> <span class='ocrx_word' id='word_1_446' title='bbox 2975 3926 3190 4000; x_wconf 79' lang='lat' dir='ltr'><strong>omnia</strong></span> <span class='ocrx_word' id='word_1_447' title='bbox 3244 3943 3504 3988; x_wconf 78' lang='lat' dir='ltr'><strong>succes-</strong></span> 
     </span>
    </p>
   </div>
   <div class='ocr_carea' id='block_1_16' title="bbox 1953 4025 3503 4619">
    <p class='ocr_par' dir='ltr' id='par_1_17' title="bbox 1953 4025 3503 4295">
     <span class='ocr_line' id='line_1_74' title="bbox 1953 4025 3492 4110; baseline 0 -21"><span class='ocrx_word' id='word_1_448' title='bbox 1953 4027 2073 4103; x_wconf 86' lang='lat' dir='ltr'><strong>sit,</strong></span> <span class='ocrx_word' id='word_1_449' title='bbox 2127 4026 2308 4088; x_wconf 72' lang='lat' dir='ltr'><strong>nulla</strong></span> <span class='ocrx_word' id='word_1_450' title='bbox 2352 4025 2596 4091; x_wconf 81' lang='lat' dir='ltr'><strong>invidia</strong></span> <span class='ocrx_word' id='word_1_451' title='bbox 2646 4026 2951 4104; x_wconf 87' lang='lat' dir='ltr'><strong>retinuit,</strong></span> <span class='ocrx_word' id='word_1_452' title='bbox 3010 4028 3173 4110; x_wconf 88' lang='lat' dir='ltr'><strong>etsi,</strong></span> <span class='ocrx_word' id='word_1_453' title='bbox 3219 4038 3289 4089; x_wconf 83' lang='lat' dir='ltr'><strong>ut</strong></span> <span class='ocrx_word' id='word_1_454' title='bbox 3334 4026 3492 4089; x_wconf 84' lang='lat' dir='ltr'><strong>dixi·</strong></span> 
     </span>
     <span class='ocr_line' id='line_1_75' title="bbox 1955 4126 3503 4213; baseline 0 -25"><span class='ocrx_word' id='word_1_455' title='bbox 1955 4149 2117 4203; x_wconf 84' lang='lat' dir='ltr'><strong>mus,</strong></span> <span class='ocrx_word' id='word_1_456' title='bbox 2160 4126 2384 4191; x_wconf 88' lang='lat' dir='ltr'><strong>fratris</strong></span> <span class='ocrx_word' id='word_1_457' title='bbox 2427 4128 2735 4213; x_wconf 83' lang='lat' dir='ltr'><strong>exemplo</strong></span> <span class='ocrx_word' id='word_1_458' title='bbox 2779 4147 2912 4191; x_wconf 89' lang='lat' dir='ltr'><strong>non</strong></span> <span class='ocrx_word' id='word_1_459' title='bbox 2956 4146 3222 4213; x_wconf 88' lang='lat' dir='ltr'><strong>semper</strong></span> <span class='ocrx_word' id='word_1_460' title='bbox 3263 4127 3335 4190; x_wconf 89' lang='lat' dir='ltr'><strong>in</strong></span> <span class='ocrx_word' id='word_1_461' title='bbox 3385 4148 3503 4189; x_wconf 89' lang='lat' dir='ltr'><strong>nu-</strong></span> 
     </span>
     <span class='ocr_line' id='line_1_76' title="bbox 1957 4227 2479 4295; baseline 0.013 -7"><span class='ocrx_word' id='word_1_462' title='bbox 1957 4230 2080 4290; x_wconf 90' lang='lat' dir='ltr'><strong>mis</strong></span> <span class='ocrx_word' id='word_1_463' title='bbox 2114 4227 2383 4295; x_wconf 78' lang='lat' dir='ltr'><strong>addidit.</strong></span> <span class='ocrx_word' id='word_1_464' title='bbox 2470 4261 2479 4276; x_wconf 70' lang='lat'><strong><em>¹</em></strong></span> 
     </span>
    </p>

    <p class='ocr_par' dir='ltr' id='par_1_18' title="bbox 1959 4327 3503 4619">
     <span class='ocr_line' id='line_1_77' title="bbox 2044 4327 3502 4414; baseline -0.001 -22"><span class='ocrx_word' id='word_1_465' title='bbox 2044 4330 2419 4392; x_wconf 86' lang='lat' dir='ltr'><strong>Secundum</strong></span> <span class='ocrx_word' id='word_1_466' title='bbox 2465 4329 2583 4393; x_wconf 81' lang='lat' dir='ltr'><strong>has</strong></span> <span class='ocrx_word' id='word_1_467' title='bbox 2625 4331 3035 4414; x_wconf 85' lang='lat' dir='ltr'><strong>conjecturas</strong></span> <span class='ocrx_word' id='word_1_468' title='bbox 3065 4373 3082 4404; x_wconf 93' lang='lat'>‚</span> <span class='ocrx_word' id='word_1_469' title='bbox 3140 4328 3223 4391; x_wconf 90' lang='lat' dir='ltr'><strong>de</strong></span> <span class='ocrx_word' id='word_1_470' title='bbox 3257 4327 3502 4411; x_wconf 79' lang='lat' dir='ltr'><strong>quibus</strong></span> 
     </span>
     <span class='ocr_line' id='line_1_78' title="bbox 1962 4429 3503 4514; baseline 0 -21"><span class='ocrx_word' id='word_1_471' title='bbox 1962 4430 2238 4509; x_wconf 85' lang='lat' dir='ltr'><strong>eruditi,</strong></span> <span class='ocrx_word' id='word_1_472' title='bbox 2297 4443 2370 4492; x_wconf 88' lang='lat' dir='ltr'><strong>ut</strong></span> <span class='ocrx_word' id='word_1_473' title='bbox 2421 4429 2630 4506; x_wconf 87' lang='lat' dir='ltr'><strong>lubet,</strong></span> <span class='ocrx_word' id='word_1_474' title='bbox 2692 4429 3101 4514; x_wconf 84' lang='lat' dir='ltr'><strong>judicabunt,</strong></span> <span class='ocrx_word' id='word_1_475' title='bbox 3165 4429 3328 4492; x_wconf 83' lang='lat' dir='ltr'><strong>alios</strong></span> <span class='ocrx_word' id='word_1_476' title='bbox 3375 4430 3503 4493; x_wconf 87' lang='lat' dir='ltr'><strong>hoc</strong></span> 
     </span>
     <span class='ocr_line' id='line_1_79' title="bbox 1959 4530 3503 4619; baseline 0.001 -25"><span class='ocrx_word' id='word_1_477' title='bbox 1959 4532 2113 4598; x_wconf 89' lang='lat' dir='ltr'><strong>loco</strong></span> <span class='ocrx_word' id='word_1_478' title='bbox 2159 4554 2394 4597; x_wconf 90' lang='lat' dir='ltr'><strong>numos</strong></span> <span class='ocrx_word' id='word_1_479' title='bbox 2435 4532 2745 4619; x_wconf 80' lang='lat' dir='ltr'><strong>Philippo</strong></span> <span class='ocrx_word' id='word_1_480' title='bbox 2786 4535 2867 4598; x_wconf 89' lang='lat'><strong>11.</strong></span> <span class='ocrx_word' id='word_1_481' title='bbox 2927 4554 3060 4598; x_wconf 89' lang='lat' dir='ltr'><strong>non</strong></span> <span class='ocrx_word' id='word_1_482' title='bbox 3106 4530 3272 4596; x_wconf 88' lang='lat' dir='ltr'><strong>dabo</strong></span> <span class='ocrx_word' id='word_1_483' title='bbox 3306 4575 3322 4608; x_wconf 87' lang='lat'><strong>,</strong></span> <span class='ocrx_word' id='word_1_484' title='bbox 3377 4530 3503 4595; x_wconf 81' lang='lat' dir='ltr'><strong>nisi</strong></span> 
     </span>
    </p>
   </div>
  </div>
 </body>
</html>
