<?xml version="1.0" encoding="UTF-8"?>
<!DOCTYPE html PUBLIC "-//W3C//DTD XHTML 1.0 Transitional//EN"
    "http://www.w3.org/TR/xhtml1/DTD/xhtml1-transitional.dtd">
<html xmlns="http://www.w3.org/1999/xhtml" xml:lang="en" lang="en">
 <head>
  <title>
</title>
<meta http-equiv="Content-Type" content="text/html;charset=utf-8" />
  <meta name='ocr-system' content='tesseract 3.04.00' />
  <meta name='ocr-capabilities' content='ocr_page ocr_carea ocr_par ocr_line ocrx_word'/>
</head>
<body>
  <div class='ocr_page' id='page_1' title='image "./doctrinanumorum08unkngoog_0023.png"; bbox 0 0 4575 5850; ppageno 0'>
   <div class='ocr_carea' id='block_1_1' title="bbox 1402 571 2604 663">
    <p class='ocr_par' dir='ltr' id='par_1_1' title="bbox 1402 571 2604 663">
     <span class='ocr_line' id='line_1_1' title="bbox 1402 571 2604 663; baseline 0 -16"><span class='ocrx_word' id='word_1_1' title='bbox 1402 571 1893 663; x_wconf 58' lang='lat' dir='ltr'><strong>,Molis-ta.</strong></span> <span class='ocrx_word' id='word_1_2' title='bbox 1982 572 2604 649; x_wconf 81' lang='lat' dir='ltr'><strong>SVPERIOR·.</strong></span> 
     </span>
    </p>
   </div>
   <div class='ocr_carea' id='block_1_2' title="bbox 441 741 1979 829">
    <p class='ocr_par' dir='ltr' id='par_1_2' title="bbox 441 741 1979 829">
     <span class='ocr_line' id='line_1_2' title="bbox 441 741 1979 829; baseline 0.002 -23"><span class='ocrx_word' id='word_1_3' title='bbox 441 744 705 829; x_wconf 67' lang='lat' dir='ltr'><strong>legatur</strong></span> <span class='ocrx_word' id='word_1_4' title='bbox 731 741 972 807; x_wconf 70' lang='lat' dir='ltr'><strong>ANnus</strong></span> <span class='ocrx_word' id='word_1_5' title='bbox 995 743 1110 807; x_wconf 86' lang='lat'><strong>111.</strong></span> <span class='ocrx_word' id='word_1_6' title='bbox 1129 786 1148 818; x_wconf 94' lang='lat'><strong>,</strong></span> <span class='ocrx_word' id='word_1_7' title='bbox 1192 741 1524 827; x_wconf 81' lang='lat' dir='ltr'><strong>fueritque</strong></span> <span class='ocrx_word' id='word_1_8' title='bbox 1553 763 1759 808; x_wconf 83' lang='lat' dir='ltr'><strong>snnus</strong></span> <span class='ocrx_word' id='word_1_9' title='bbox 1796 747 1877 813; x_wconf 88' lang='lat' dir='ltr'><strong>V.</strong></span> <span class='ocrx_word' id='word_1_10' title='bbox 1903 746 1979 812; x_wconf 89' lang='lat' dir='ltr'><strong>C.</strong></span> 
     </span>
    </p>
   </div>
   <div class='ocr_carea' id='block_1_3' title="bbox 450 842 2009 932">
    <p class='ocr_par' dir='ltr' id='par_1_3' title="bbox 450 842 2009 932">
     <span class='ocr_line' id='line_1_3' title="bbox 450 842 2009 932; baseline 0.003 -26"><span class='ocrx_word' id='word_1_11' title='bbox 450 861 611 909; x_wconf 73' lang='lat' dir='ltr'><strong>noos</strong></span> <span class='ocrx_word' id='word_1_12' title='bbox 646 844 827 906; x_wconf 86' lang='lat' dir='ltr'><strong>illius</strong></span> <span class='ocrx_word' id='word_1_13' title='bbox 856 857 1249 927; x_wconf 80' lang='lat' dir='ltr'><strong>postremus,</strong></span> <span class='ocrx_word' id='word_1_14' title='bbox 1294 842 1489 927; x_wconf 86' lang='lat' dir='ltr'><strong>hujus</strong></span> <span class='ocrx_word' id='word_1_15' title='bbox 1529 844 1799 926; x_wconf 84' lang='lat' dir='ltr'><strong>primus,</strong></span> <span class='ocrx_word' id='word_1_16' title='bbox 1828 867 2009 932; x_wconf 79' lang='lat' dir='ltr'><strong>pro·-</strong></span> 
     </span>
    </p>
   </div>
   <div class='ocr_carea' id='block_1_4' title="bbox 419 944 1983 4475">
    <p class='ocr_par' dir='ltr' id='par_1_4' title="bbox 437 944 1983 1321">
     <span class='ocr_line' id='line_1_4' title="bbox 439 944 1981 1029; baseline 0.001 -18"><span class='ocrx_word' id='word_1_17' title='bbox 439 944 654 1024; x_wconf 70' lang='lat' dir='ltr'><strong>hatur,</strong></span> <span class='ocrx_word' id='word_1_18' title='bbox 698 944 971 1010; x_wconf 82' lang='lat' dir='ltr'><strong>Daciam</strong></span> <span class='ocrx_word' id='word_1_19' title='bbox 1013 966 1218 1011; x_wconf 82' lang='lat' dir='ltr'><strong>annos</strong></span> <span class='ocrx_word' id='word_1_20' title='bbox 1249 964 1406 1010; x_wconf 84' lang='lat' dir='ltr'><strong>suos</strong></span> <span class='ocrx_word' id='word_1_21' title='bbox 1437 960 1794 1029; x_wconf 67' lang='lat' dir='ltr'><strong>supputare</strong></span> <span class='ocrx_word' id='word_1_22' title='bbox 1830 967 1981 1012; x_wconf 87' lang='lat' dir='ltr'><strong>coe·</strong></span> 
     </span>
     <span class='ocr_line' id='line_1_5' title="bbox 437 1043 1983 1132; baseline 0.002 -24"><span class='ocrx_word' id='word_1_23' title='bbox 437 1048 617 1132; x_wconf 77' lang='lat' dir='ltr'><strong>pisse</strong></span> <span class='ocrx_word' id='word_1_24' title='bbox 682 1047 764 1110; x_wconf 78' lang='lat' dir='ltr'><strong>ab</strong></span> <span class='ocrx_word' id='word_1_25' title='bbox 807 1067 977 1112; x_wconf 88' lang='lat' dir='ltr'><strong>anno</strong></span> <span class='ocrx_word' id='word_1_26' title='bbox 1020 1049 1103 1116; x_wconf 98' lang='lat' dir='ltr'><strong>V.</strong></span> <span class='ocrx_word' id='word_1_27' title='bbox 1148 1047 1224 1113; x_wconf 90' lang='lat' dir='ltr'><strong>C.</strong></span> <span class='ocrx_word' id='word_1_28' title='bbox 1272 1064 1459 1113; x_wconf 74' lang='lat' dir='ltr'><strong>ioco.</strong></span> <span class='ocrx_word' id='word_1_29' title='bbox 1523 1043 1707 1109; x_wconf 81' lang='lat' dir='ltr'><strong>Idem</strong></span> <span class='ocrx_word' id='word_1_30' title='bbox 1742 1047 1983 1130; x_wconf 81' lang='lat' dir='ltr'><strong>probat</strong></span> 
     </span>
     <span class='ocr_line' id='line_1_6' title="bbox 440 1146 1983 1223; baseline -0.002 -9"><span class='ocrx_word' id='word_1_31' title='bbox 440 1152 637 1215; x_wconf 83' lang='lat' dir='ltr'><strong>etiam</strong></span> <span class='ocrx_word' id='word_1_32' title='bbox 682 1167 891 1213; x_wconf 83' lang='lat' dir='ltr'><strong>annus</strong></span> <span class='ocrx_word' id='word_1_33' title='bbox 924 1148 1007 1223; x_wconf 87' lang='lat' dir='ltr'><strong>V.</strong></span> <span class='ocrx_word' id='word_1_34' title='bbox 1059 1146 1424 1215; x_wconf 84' lang='lat' dir='ltr'><strong>communis</strong></span> <span class='ocrx_word' id='word_1_35' title='bbox 1472 1167 1622 1214; x_wconf 88' lang='lat' dir='ltr'><strong>cum</strong></span> <span class='ocrx_word' id='word_1_36' title='bbox 1658 1148 1873 1214; x_wconf 82' lang='lat' dir='ltr'>Decio</span> <span class='ocrx_word' id='word_1_37' title='bbox 1915 1161 1983 1214; x_wconf 84' lang='lat' dir='ltr'><strong>et</strong></span> 
     </span>
     <span class='ocr_line' id='line_1_7' title="bbox 441 1252 666 1321; baseline -0.004 -4"><span class='ocrx_word' id='word_1_38' title='bbox 441 1252 666 1321; x_wconf 71' lang='lat' dir='ltr'><strong>Gallo.</strong></span> 
     </span>
    </p>

    <p class='ocr_par' dir='ltr' id='par_1_5' title="bbox 419 1351 1983 4475">
     <span class='ocr_line' id='line_1_8' title="bbox 525 1351 1977 1445; baseline -0.001 -31"><span class='ocrx_word' id='word_1_39' title='bbox 525 1351 775 1445; x_wconf 75' lang='lat' dir='ltr'><strong>Quaeri</strong></span> <span class='ocrx_word' id='word_1_40' title='bbox 809 1364 1049 1434; x_wconf 84' lang='lat' dir='ltr'><strong>potest,</strong></span> <span class='ocrx_word' id='word_1_41' title='bbox 1082 1353 1467 1440; x_wconf 75' lang='lat' dir='ltr'>coeperitne</span> <span class='ocrx_word' id='word_1_42' title='bbox 1494 1352 1833 1438; x_wconf 85' lang='lat' dir='ltr'><strong>utriusque</strong></span> <span class='ocrx_word' id='word_1_43' title='bbox 1864 1371 1977 1436; x_wconf 89' lang='lat' dir='ltr'><strong>po·</strong></span> 
     </span>
     <span class='ocr_line' id='line_1_9' title="bbox 439 1453 1973 1538; baseline -0.001 -21"><span class='ocrx_word' id='word_1_44' title='bbox 439 1453 579 1538; x_wconf 79' lang='lat' dir='ltr'><strong>puli</strong></span> <span class='ocrx_word' id='word_1_45' title='bbox 609 1474 815 1515; x_wconf 83' lang='lat' dir='ltr'><strong>annus</strong></span> <span class='ocrx_word' id='word_1_46' title='bbox 850 1453 918 1514; x_wconf 90' lang='lat' dir='ltr'><strong>in</strong></span> <span class='ocrx_word' id='word_1_47' title='bbox 955 1466 1266 1518; x_wconf 84' lang='lat' dir='ltr'><strong>autumno</strong></span> <span class='ocrx_word' id='word_1_48' title='bbox 1302 1476 1489 1520; x_wconf 88' lang='lat' dir='ltr'><strong>more</strong></span> <span class='ocrx_word' id='word_1_49' title='bbox 1529 1453 1973 1529; x_wconf 82' lang='lat' dir='ltr'><strong>orientalium,</strong></span> 
     </span>
     <span class='ocr_line' id='line_1_10' title="bbox 438 1551 1979 1620; baseline 0 -4"><span class='ocrx_word' id='word_1_50' title='bbox 438 1576 521 1616; x_wconf 86' lang='lat' dir='ltr'><strong>an</strong></span> <span class='ocrx_word' id='word_1_51' title='bbox 558 1551 878 1616; x_wconf 74' lang='lat' dir='ltr'><strong>Kalendis</strong></span> <span class='ocrx_word' id='word_1_52' title='bbox 923 1556 1066 1619; x_wconf 80' lang='lat' dir='ltr'><strong>an.</strong></span> <span class='ocrx_word' id='word_1_53' title='bbox 1100 1576 1290 1620; x_wconf 85' lang='lat' dir='ltr'><strong>more</strong></span> <span class='ocrx_word' id='word_1_54' title='bbox 1320 1553 1809 1619; x_wconf 80' lang='lat' dir='ltr'><strong>Romanorum?</strong></span> <span class='ocrx_word' id='word_1_55' title='bbox 1856 1556 1979 1616; x_wconf 86' lang='lat' dir='ltr'><strong>Po·</strong></span> 
     </span>
     <span class='ocr_line' id='line_1_11' title="bbox 426 1654 1978 1740; baseline -0.002 -21"><span class='ocrx_word' id='word_1_56' title='bbox 426 1655 681 1719; x_wconf 80' lang='lat' dir='ltr'><strong>&#39;sterius</strong></span> <span class='ocrx_word' id='word_1_57' title='bbox 728 1656 938 1719; x_wconf 87' lang='lat' dir='ltr'><strong>multo</strong></span> <span class='ocrx_word' id='word_1_58' title='bbox 985 1655 1194 1739; x_wconf 77' lang='lat' dir='ltr'><strong>magis</strong></span> <span class='ocrx_word' id='word_1_59' title='bbox 1227 1655 1627 1737; x_wconf 81' lang='lat' dir='ltr'><strong>verisimile,</strong></span> <span class='ocrx_word' id='word_1_60' title='bbox 1671 1654 1978 1740; x_wconf 78' lang='lat' dir='ltr'><strong>quoniam</strong></span> 
     </span>
     <span class='ocr_line' id='line_1_12' title="bbox 440 1755 1979 1822; baseline -0.001 -3"><span class='ocrx_word' id='word_1_61' title='bbox 440 1759 889 1820; x_wconf 74' lang='lat' dir='ltr'><strong>Romanor-um</strong></span> <span class='ocrx_word' id='word_1_62' title='bbox 942 1757 1165 1821; x_wconf 86' lang='lat' dir='ltr'><strong>coloni</strong></span> <span class='ocrx_word' id='word_1_63' title='bbox 1210 1771 1507 1822; x_wconf 74' lang='lat' dir='ltr'><strong>materno</strong></span> <span class='ocrx_word' id='word_1_64' title='bbox 1556 1757 1753 1821; x_wconf 84' lang='lat' dir='ltr'><strong>etism</strong></span> <span class='ocrx_word' id='word_1_65' title='bbox 1796 1755 1979 1818; x_wconf 89' lang='lat' dir='ltr'><strong>insti-</strong></span> 
     </span>
     <span class='ocr_line' id='line_1_13' title="bbox 440 1856 1978 1925; baseline 0.001 -7"><span class='ocrx_word' id='word_1_66' title='bbox 440 1870 581 1921; x_wconf 83' lang='lat' dir='ltr'><strong>tuto</strong></span> <span class='ocrx_word' id='word_1_67' title='bbox 599 1876 747 1921; x_wconf 83' lang='lat' dir='ltr'><strong>sese</strong></span> <span class='ocrx_word' id='word_1_68' title='bbox 765 1856 1435 1925; x_wconf 72' lang='lat' dir='ltr'><strong>adcommodavet-int.</strong></span> <span class='ocrx_word' id='word_1_69' title='bbox 1461 1863 1610 1923; x_wconf 90' lang='lat' dir='ltr'><strong>Hoc</strong></span> <span class='ocrx_word' id='word_1_70' title='bbox 1630 1877 1859 1922; x_wconf 88' lang='lat' dir='ltr'><strong>eorum</strong></span> <span class='ocrx_word' id='word_1_71' title='bbox 1881 1857 1978 1920; x_wconf 86' lang='lat' dir='ltr'><strong>in·</strong></span> 
     </span>
     <span class='ocr_line' id='line_1_14' title="bbox 440 1958 1978 2047; baseline 0.002 -29"><span class='ocrx_word' id='word_1_72' title='bbox 440 1958 731 2020; x_wconf 81' lang='lat' dir='ltr'><strong>stitutum</strong></span> <span class='ocrx_word' id='word_1_73' title='bbox 778 1960 972 2021; x_wconf 80' lang='lat' dir='ltr'><strong>etiam</strong></span> <span class='ocrx_word' id='word_1_74' title='bbox 1019 1980 1103 2023; x_wconf 84' lang='lat' dir='ltr'><strong>ex</strong></span> <span class='ocrx_word' id='word_1_75' title='bbox 1146 1958 1360 2022; x_wconf 85' lang='lat' dir='ltr'><strong>numis</strong></span> <span class='ocrx_word' id='word_1_76' title='bbox 1418 1958 1765 2047; x_wconf 79' lang='lat' dir='ltr'><strong>commode</strong></span> <span class='ocrx_word' id='word_1_77' title='bbox 1827 1978 1978 2042; x_wconf 85' lang='lat' dir='ltr'><strong>pro·</strong></span> 
     </span>
     <span class='ocr_line' id='line_1_15' title="bbox 436 2059 1976 2129; baseline 0.001 -8"><span class='ocrx_word' id='word_1_78' title='bbox 436 2059 649 2122; x_wconf 81' lang='lat' dir='ltr'><strong>batur.</strong></span> <span class='ocrx_word' id='word_1_79' title='bbox 715 2060 787 2120; x_wconf 87' lang='lat' dir='ltr'><strong>Si</strong></span> <span class='ocrx_word' id='word_1_80' title='bbox 830 2081 1034 2124; x_wconf 85' lang='lat' dir='ltr'><strong>annus</strong></span> <span class='ocrx_word' id='word_1_81' title='bbox 1100 2061 1150 2128; x_wconf 86' lang='lat' dir='ltr'><strong>l.</strong></span> <span class='ocrx_word' id='word_1_82' title='bbox 1198 2080 1389 2125; x_wconf 83' lang='lat' dir='ltr'><strong>aerae</strong></span> <span class='ocrx_word' id='word_1_83' title='bbox 1433 2060 1784 2129; x_wconf 87' lang='lat' dir='ltr'><strong>Viminacii</strong></span> <span class='ocrx_word' id='word_1_84' title='bbox 1827 2080 1976 2123; x_wconf 89' lang='lat' dir='ltr'><strong>coe-</strong></span> 
     </span>
     <span class='ocr_line' id='line_1_16' title="bbox 437 2160 1979 2247; baseline 0 -24"><span class='ocrx_word' id='word_1_85' title='bbox 437 2162 643 2244; x_wconf 80' lang='lat' dir='ltr'><strong>pisset</strong></span> <span class='ocrx_word' id='word_1_86' title='bbox 671 2163 738 2222; x_wconf 85' lang='lat' dir='ltr'><strong>in</strong></span> <span class='ocrx_word' id='word_1_87' title='bbox 771 2176 1079 2225; x_wconf 87' lang='lat' dir='ltr'><strong>autumno</strong></span> <span class='ocrx_word' id='word_1_88' title='bbox 1110 2164 1193 2231; x_wconf 70' lang='lat' dir='ltr'><strong>V.</strong></span> <span class='ocrx_word' id='word_1_89' title='bbox 1227 2167 1300 2229; x_wconf 87' lang='lat' dir='ltr'><strong>C.</strong></span> <span class='ocrx_word' id='word_1_90' title='bbox 1328 2162 1454 2247; x_wconf 80' lang='grc'><strong>993</strong></span> <span class='ocrx_word' id='word_1_91' title='bbox 1482 2206 1499 2238; x_wconf 86' lang='grc'><em>,</em></span> <span class='ocrx_word' id='word_1_92' title='bbox 1545 2162 1638 2227; x_wconf 81' lang='lat' dir='ltr'><strong>sic</strong></span> <span class='ocrx_word' id='word_1_93' title='bbox 1684 2175 1756 2224; x_wconf 89' lang='lat' dir='ltr'><strong>ut</strong></span> <span class='ocrx_word' id='word_1_94' title='bbox 1796 2160 1979 2225; x_wconf 79' lang='lat' dir='ltr'><strong>&lt;leiu-</strong></span> 
     </span>
     <span class='ocr_line' id='line_1_17' title="bbox 442 2263 1980 2346; baseline 0 -20"><span class='ocrx_word' id='word_1_95' title='bbox 442 2283 600 2346; x_wconf 85' lang='lat' dir='ltr'><strong>ceps</strong></span> <span class='ocrx_word' id='word_1_96' title='bbox 622 2263 904 2343; x_wconf 74' lang='lat' dir='ltr'><strong>singulis</strong></span> <span class='ocrx_word' id='word_1_97' title='bbox 937 2266 1264 2328; x_wconf 75' lang='lat' dir='ltr'><strong>autumnis</strong></span> <span class='ocrx_word' id='word_1_98' title='bbox 1296 2264 1840 2341; x_wconf 82' lang='lat' dir='ltr'><strong>fuissetiteratus‚</strong></span> <span class='ocrx_word' id='word_1_99' title='bbox 1878 2284 1980 2327; x_wconf 88' lang='lat' dir='ltr'><strong>se·</strong></span> 
     </span>
     <span class='ocr_line' id='line_1_18' title="bbox 438 2364 1974 2450; baseline -0.001 -22"><span class='ocrx_word' id='word_1_100' title='bbox 438 2378 789 2450; x_wconf 78' lang='lat' dir='ltr'><strong>queretur,</strong></span> <span class='ocrx_word' id='word_1_101' title='bbox 833 2386 1071 2428; x_wconf 75' lang='lat' dir='ltr'><strong>annum</strong></span> <span class='ocrx_word' id='word_1_102' title='bbox 1114 2367 1202 2435; x_wconf 89' lang='lat' dir='ltr'><strong>V.</strong></span> <span class='ocrx_word' id='word_1_103' title='bbox 1243 2364 1681 2450; x_wconf 64' lang='lat' dir='ltr'><strong>incepisse*in</strong></span> <span class='ocrx_word' id='word_1_104' title='bbox 1725 2377 1974 2427; x_wconf 85' lang='lat' dir='ltr'><strong>autum-</strong></span> 
     </span>
     <span class='ocr_line' id='line_1_19' title="bbox 434 2465 1974 2552; baseline 0 -26"><span class='ocrx_word' id='word_1_105' title='bbox 434 2488 524 2530; x_wconf 79' lang='lat' dir='ltr'><strong>no</strong></span> <span class='ocrx_word' id='word_1_106' title='bbox 549 2468 631 2536; x_wconf 72' lang='lat' dir='ltr'><strong>V.</strong></span> <span class='ocrx_word' id='word_1_107' title='bbox 667 2468 740 2530; x_wconf 86' lang='lat' dir='ltr'><strong>C.</strong></span> <span class='ocrx_word' id='word_1_108' title='bbox 773 2485 920 2549; x_wconf 86' lang='grc'><strong>997.</strong></span> <span class='ocrx_word' id='word_1_109' title='bbox 948 2472 1035 2532; x_wconf 84' lang='lat' dir='ltr'><strong>At</strong></span> <span class='ocrx_word' id='word_1_110' title='bbox 1071 2469 1327 2552; x_wconf 77' lang='lat' dir='ltr'>copiosi</span> <span class='ocrx_word' id='word_1_111' title='bbox 1354 2483 1505 2531; x_wconf 86' lang='lat' dir='ltr'><strong>sunt</strong></span> <span class='ocrx_word' id='word_1_112' title='bbox 1524 2465 1841 2531; x_wconf 79' lang='lat' dir='ltr'><strong>Gordiani</strong></span> <span class='ocrx_word' id='word_1_113' title='bbox 1859 2487 1974 2526; x_wconf 88' lang='lat' dir='ltr'><strong>nu-</strong></span> 
     </span>
     <span class='ocr_line' id='line_1_20' title="bbox 436 2566 1972 2654; baseline -0.002 -24"><span class='ocrx_word' id='word_1_114' title='bbox 436 2568 529 2630; x_wconf 83' lang='lat' dir='ltr'><strong>mi</strong></span> <span class='ocrx_word' id='word_1_115' title='bbox 570 2588 718 2632; x_wconf 87' lang='lat' dir='ltr'><strong>cum</strong></span> <span class='ocrx_word' id='word_1_116' title='bbox 752 2588 921 2632; x_wconf 89' lang='lat' dir='ltr'><strong>anno</strong></span> <span class='ocrx_word' id='word_1_117' title='bbox 950 2570 1077 2644; x_wconf 84' lang='lat' dir='ltr'><strong>V„</strong></span> <span class='ocrx_word' id='word_1_118' title='bbox 1122 2570 1235 2652; x_wconf 90' lang='lat' dir='ltr'><strong>qui</strong></span> <span class='ocrx_word' id='word_1_119' title='bbox 1269 2582 1486 2632; x_wconf 82' lang='lat' dir='ltr'><strong>tamen</strong></span> <span class='ocrx_word' id='word_1_120' title='bbox 1519 2566 1750 2654; x_wconf 85' lang='lat' dir='ltr'><strong>primis</strong></span> <span class='ocrx_word' id='word_1_121' title='bbox 1792 2586 1972 2629; x_wconf 88' lang='lat' dir='ltr'><strong>men·</strong></span> 
     </span>
     <span class='ocr_line' id='line_1_21' title="bbox 438 2664 1970 2754; baseline -0.001 -25"><span class='ocrx_word' id='word_1_122' title='bbox 438 2669 619 2733; x_wconf 84' lang='lat' dir='ltr'><strong>sibus</strong></span> <span class='ocrx_word' id='word_1_123' title='bbox 650 2671 799 2732; x_wconf 85' lang='lat' dir='ltr'><strong>anni</strong></span> <span class='ocrx_word' id='word_1_124' title='bbox 832 2689 979 2752; x_wconf 85' lang='grc'><strong>997.</strong></span> <span class='ocrx_word' id='word_1_125' title='bbox 1011 2689 1240 2733; x_wconf 77' lang='lat' dir='ltr'><strong>caesus</strong></span> <span class='ocrx_word' id='word_1_126' title='bbox 1265 2670 1396 2754; x_wconf 85' lang='lat' dir='ltr'><strong>jsm</strong></span> <span class='ocrx_word' id='word_1_127' title='bbox 1435 2683 1561 2733; x_wconf 88' lang='lat' dir='ltr'><strong>est.</strong></span> <span class='ocrx_word' id='word_1_128' title='bbox 1590 2671 1821 2751; x_wconf 84' lang='lat' dir='ltr'><strong>Neque</strong></span> <span class='ocrx_word' id='word_1_129' title='bbox 1839 2664 1970 2729; x_wconf 85' lang='lat' dir='ltr'><strong>dici</strong></span> 
     </span>
     <span class='ocr_line' id='line_1_22' title="bbox 433 2766 1972 2855; baseline -0.001 -23"><span class='ocrx_word' id='word_1_130' title='bbox 433 2784 689 2855; x_wconf 83' lang='lat' dir='ltr'><strong>potest,</strong></span> <span class='ocrx_word' id='word_1_131' title='bbox 732 2792 970 2835; x_wconf 85' lang='lat' dir='ltr'><strong>aunum</strong></span> <span class='ocrx_word' id='word_1_132' title='bbox 997 2766 1046 2832; x_wconf 87' lang='lat' dir='ltr'><strong>I.</strong></span> <span class='ocrx_word' id='word_1_133' title='bbox 1082 2769 1431 2838; x_wconf 75' lang='lat' dir='ltr'><strong>viminacii</strong></span> <span class='ocrx_word' id='word_1_134' title='bbox 1460 2767 1759 2852; x_wconf 82' lang='lat' dir='ltr'><strong>coepisse</strong></span> <span class='ocrx_word' id='word_1_135' title='bbox 1794 2766 1972 2831; x_wconf 85' lang='lat' dir='ltr'><strong>forte</strong></span> 
     </span>
     <span class='ocr_line' id='line_1_23' title="bbox 434 2870 1974 2959; baseline -0.001 -28"><span class='ocrx_word' id='word_1_136' title='bbox 434 2873 504 2933; x_wconf 84' lang='lat' dir='ltr'><strong>in</strong></span> <span class='ocrx_word' id='word_1_137' title='bbox 561 2886 872 2937; x_wconf 83' lang='lat' dir='ltr'><strong>autumno</strong></span> <span class='ocrx_word' id='word_1_138' title='bbox 916 2872 997 2940; x_wconf 88' lang='lat' dir='ltr'><strong>V.</strong></span> <span class='ocrx_word' id='word_1_139' title='bbox 1043 2873 1117 2939; x_wconf 86' lang='lat' dir='ltr'><strong>C.</strong></span> <span class='ocrx_word' id='word_1_140' title='bbox 1161 2889 1325 2959; x_wconf 72' lang='lat'><strong>992,</strong></span> <span class='ocrx_word' id='word_1_141' title='bbox 1387 2886 1454 2937; x_wconf 89' lang='lat' dir='ltr'><strong>et</strong></span> <span class='ocrx_word' id='word_1_142' title='bbox 1497 2870 1808 2954; x_wconf 83' lang='lat' dir='ltr'><strong>deinceps</strong></span> <span class='ocrx_word' id='word_1_143' title='bbox 1851 2887 1974 2953; x_wconf 85' lang='lat' dir='ltr'><strong>per</strong></span> 
     </span>
     <span class='ocr_line' id='line_1_24' title="bbox 437 2971 1973 3058; baseline -0.003 -21"><span class='ocrx_word' id='word_1_144' title='bbox 437 2976 738 3058; x_wconf 79' lang='lat' dir='ltr'><strong>singulos</strong></span> <span class='ocrx_word' id='word_1_145' title='bbox 775 2988 1117 3040; x_wconf 87' lang='lat' dir='ltr'><strong>autumnos</strong></span> <span class='ocrx_word' id='word_1_146' title='bbox 1154 2975 1487 3038; x_wconf 85' lang='lat' dir='ltr'><strong>iteratum.</strong></span> <span class='ocrx_word' id='word_1_147' title='bbox 1528 2973 1696 3035; x_wconf 85' lang='lat' dir='ltr'><strong>Nam</strong></span> <span class='ocrx_word' id='word_1_148' title='bbox 1740 2972 1809 3034; x_wconf 89' lang='lat' dir='ltr'><strong>in</strong></span> <span class='ocrx_word' id='word_1_149' title='bbox 1850 2971 1973 3034; x_wconf 84' lang='lat' dir='ltr'><strong>hae</strong></span> 
     </span>
     <span class='ocr_line' id='line_1_25' title="bbox 435 3073 1973 3160; baseline -0.003 -22"><span class='ocrx_word' id='word_1_150' title='bbox 435 3076 766 3140; x_wconf 84' lang='lat' dir='ltr'><strong>sententia</strong></span> <span class='ocrx_word' id='word_1_151' title='bbox 807 3098 1014 3140; x_wconf 81' lang='lat' dir='ltr'><strong>sunus</strong></span> <span class='ocrx_word' id='word_1_152' title='bbox 1056 3076 1137 3137; x_wconf 74' lang='lat' dir='ltr'><strong>X.</strong></span> <span class='ocrx_word' id='word_1_153' title='bbox 1171 3076 1528 3160; x_wconf 74' lang='lat' dir='ltr'><strong>incepisset</strong></span> <span class='ocrx_word' id='word_1_154' title='bbox 1559 3073 1628 3135; x_wconf 88' lang='lat' dir='ltr'><strong>in</strong></span> <span class='ocrx_word' id='word_1_155' title='bbox 1660 3083 1973 3138; x_wconf 74' lang='lat' dir='ltr'><strong>autumno</strong></span> 
     </span>
     <span class='ocr_line' id='line_1_26' title="bbox 431 3177 1978 3254; baseline -0.007 -8"><span class='ocrx_word' id='word_1_156' title='bbox 431 3179 520 3246; x_wconf 87' lang='lat' dir='ltr'><strong>V.</strong></span> <span class='ocrx_word' id='word_1_157' title='bbox 560 3179 631 3242; x_wconf 90' lang='lat' dir='ltr'><strong>C.</strong></span> <span class='ocrx_word' id='word_1_158' title='bbox 675 3197 824 3241; x_wconf 70' lang='lat' dir='ltr'><strong>loon</strong></span> <span class='ocrx_word' id='word_1_159' title='bbox 853 3223 873 3254; x_wconf 88' lang='lat'><strong>,</strong></span> <span class='ocrx_word' id='word_1_160' title='bbox 917 3194 984 3241; x_wconf 73' lang='lat' dir='ltr'><strong>et</strong></span> <span class='ocrx_word' id='word_1_161' title='bbox 1008 3177 1321 3242; x_wconf 71' lang='lat' dir='ltr'><strong>exivisset</strong></span> <span class='ocrx_word' id='word_1_162' title='bbox 1346 3179 1423 3239; x_wconf 78' lang='lat' dir='ltr'><strong>in-</strong></span> <span class='ocrx_word' id='word_1_163' title='bbox 1449 3187 1758 3240; x_wconf 79' lang='lat' dir='ltr'><strong>sutumno</strong></span> <span class='ocrx_word' id='word_1_164' title='bbox 1797 3190 1978 3235; x_wconf 72' lang='lat' dir='ltr'><strong>noos.</strong></span> 
     </span>
     <span class='ocr_line' id='line_1_27' title="bbox 435 3272 1981 3364; baseline -0.002 -23"><span class='ocrx_word' id='word_1_165' title='bbox 435 3280 713 3343; x_wconf 84' lang='lat' dir='ltr'><strong>Certum</strong></span> <span class='ocrx_word' id='word_1_166' title='bbox 760 3279 893 3355; x_wconf 84' lang='lat' dir='ltr'><strong>est,</strong></span> <span class='ocrx_word' id='word_1_167' title='bbox 934 3291 1075 3342; x_wconf 90' lang='lat' dir='ltr'><strong>toto</strong></span> <span class='ocrx_word' id='word_1_168' title='bbox 1102 3279 1233 3343; x_wconf 87' lang='lat' dir='ltr'><strong>hoo</strong></span> <span class='ocrx_word' id='word_1_169' title='bbox 1272 3293 1608 3364; x_wconf 89' lang='lat' dir='ltr'><strong>tempore,</strong></span> <span class='ocrx_word' id='word_1_170' title='bbox 1653 3272 1830 3361; x_wconf 81' lang='lat' dir='ltr'><strong>quod</strong></span> <span class='ocrx_word' id='word_1_171' title='bbox 1880 3293 1981 3338; x_wconf 88' lang='lat' dir='ltr'><strong>se·</strong></span> 
     </span>
     <span class='ocr_line' id='line_1_28' title="bbox 437 3376 1980 3463; baseline -0.005 -18"><span class='ocrx_word' id='word_1_172' title='bbox 437 3380 723 3445; x_wconf 79' lang='lat' dir='ltr'><strong>cundum</strong></span> <span class='ocrx_word' id='word_1_173' title='bbox 753 3380 924 3444; x_wconf 78' lang='lat' dir='ltr'><strong>hanc</strong></span> <span class='ocrx_word' id='word_1_174' title='bbox 958 3380 1177 3463; x_wconf 70' lang='lat' dir='ltr'><strong>legem</strong></span> <span class='ocrx_word' id='word_1_175' title='bbox 1214 3400 1417 3443; x_wconf 86' lang='lat' dir='ltr'><strong>annus</strong></span> <span class='ocrx_word' id='word_1_176' title='bbox 1433 3382 1514 3444; x_wconf 81' lang='lat' dir='ltr'><strong>X.</strong></span> <span class='ocrx_word' id='word_1_177' title='bbox 1536 3389 1832 3462; x_wconf 85' lang='lat' dir='ltr'><strong>occupat,</strong></span> <span class='ocrx_word' id='word_1_178' title='bbox 1861 3376 1980 3439; x_wconf 88' lang='lat' dir='ltr'><strong>im-</strong></span> 
     </span>
     <span class='ocr_line' id='line_1_29' title="bbox 434 3480 1977 3567; baseline -0.003 -23"><span class='ocrx_word' id='word_1_179' title='bbox 434 3500 703 3567; x_wconf 75' lang='lat' dir='ltr'><strong>perasse</strong></span> <span class='ocrx_word' id='word_1_180' title='bbox 734 3480 949 3546; x_wconf 85' lang='lat' dir='ltr'><strong>adhuc</strong></span> <span class='ocrx_word' id='word_1_181' title='bbox 979 3480 1397 3566; x_wconf 81' lang='lat' dir='ltr'><strong>Philippum,</strong></span> <span class='ocrx_word' id='word_1_182' title='bbox 1442 3494 1511 3546; x_wconf 90' lang='lat' dir='ltr'><strong>et</strong></span> <span class='ocrx_word' id='word_1_183' title='bbox 1563 3494 1780 3543; x_wconf 81' lang='lat' dir='ltr'><strong>tamen</strong></span> <span class='ocrx_word' id='word_1_184' title='bbox 1824 3496 1977 3564; x_wconf 82' lang='lat' dir='ltr'><strong>pro·</strong></span> 
     </span>
     <span class='ocr_line' id='line_1_30' title="bbox 436 3580 1975 3666; baseline -0.003 -20"><span class='ocrx_word' id='word_1_185' title='bbox 436 3581 714 3665; x_wconf 78' lang='lat' dir='ltr'><strong>mulgati</strong></span> <span class='ocrx_word' id='word_1_186' title='bbox 749 3583 903 3646; x_wconf 85' lang='lat' dir='ltr'><strong>sunt</strong></span> <span class='ocrx_word' id='word_1_187' title='bbox 944 3580 1162 3658; x_wconf 89' lang='lat' dir='ltr'><strong>numi,</strong></span> <span class='ocrx_word' id='word_1_188' title='bbox 1208 3583 1321 3666; x_wconf 89' lang='lat' dir='ltr'><strong>qui</strong></span> <span class='ocrx_word' id='word_1_189' title='bbox 1348 3584 1631 3647; x_wconf 79' lang='lat' dir='ltr'><strong>Decium</strong></span> <span class='ocrx_word' id='word_1_190' title='bbox 1676 3599 1827 3645; x_wconf 88' lang='lat' dir='ltr'><strong>cum</strong></span> <span class='ocrx_word' id='word_1_191' title='bbox 1868 3600 1975 3643; x_wconf 81' lang='lat' dir='ltr'><strong>an-</strong></span> 
     </span>
     <span class='ocr_line' id='line_1_31' title="bbox 432 3680 1975 3770; baseline 0.003 -29"><span class='ocrx_word' id='word_1_192' title='bbox 432 3701 526 3744; x_wconf 80' lang='lat' dir='ltr'><strong>no</strong></span> <span class='ocrx_word' id='word_1_193' title='bbox 566 3680 647 3742; x_wconf 76' lang='lat' dir='ltr'><strong>X.</strong></span> <span class='ocrx_word' id='word_1_194' title='bbox 693 3682 1120 3767; x_wconf 80' lang='lat' dir='ltr'><strong>conjungunt.</strong></span> <span class='ocrx_word' id='word_1_195' title='bbox 1164 3684 1331 3746; x_wconf 82' lang='lat' dir='ltr'><strong>Item</strong></span> <span class='ocrx_word' id='word_1_196' title='bbox 1376 3683 1703 3770; x_wconf 87' lang='lat' dir='ltr'><strong>coepisset</strong></span> <span class='ocrx_word' id='word_1_197' title='bbox 1744 3695 1880 3747; x_wconf 89' lang='lat' dir='ltr'><strong>tum</strong></span> <span class='ocrx_word' id='word_1_198' title='bbox 1908 3683 1975 3745; x_wconf 85' lang='lat' dir='ltr'><strong>in</strong></span> 
     </span>
     <span class='ocr_line' id='line_1_32' title="bbox 431 3783 1983 3860; baseline -0.001 -15"><span class='ocrx_word' id='word_1_199' title='bbox 431 3793 748 3845; x_wconf 85' lang='lat' dir='ltr'><strong>autumno</strong></span> <span class='ocrx_word' id='word_1_200' title='bbox 793 3784 944 3846; x_wconf 89' lang='lat' dir='ltr'><strong>anni</strong></span> <span class='ocrx_word' id='word_1_201' title='bbox 993 3783 1066 3849; x_wconf 88' lang='lat' dir='ltr'><strong>V.</strong></span> <span class='ocrx_word' id='word_1_202' title='bbox 1106 3784 1178 3846; x_wconf 89' lang='lat' dir='ltr'><strong>C.</strong></span> <span class='ocrx_word' id='word_1_203' title='bbox 1222 3794 1383 3860; x_wconf 78' lang='lat'><strong>1004</strong></span> <span class='ocrx_word' id='word_1_204' title='bbox 1413 3804 1618 3846; x_wconf 86' lang='lat' dir='ltr'><strong>annus</strong></span> <span class='ocrx_word' id='word_1_205' title='bbox 1649 3786 1827 3848; x_wconf 83' lang='lat' dir='ltr'><strong>xm.</strong></span> <span class='ocrx_word' id='word_1_206' title='bbox 1865 3784 1983 3853; x_wconf 86' lang='lat' dir='ltr'><strong>Vi-</strong></span> 
     </span>
     <span class='ocr_line' id='line_1_33' title="bbox 428 3880 1978 3968; baseline 0.001 -24"><span class='ocrx_word' id='word_1_207' title='bbox 428 3880 726 3946; x_wconf 79' lang='lat' dir='ltr'><strong>minacii‘.</strong></span> <span class='ocrx_word' id='word_1_208' title='bbox 796 3882 1025 3968; x_wconf 72' lang='lat' dir='ltr'><strong>Gallus</strong></span> <span class='ocrx_word' id='word_1_209' title='bbox 1083 3897 1234 3947; x_wconf 77' lang='lat' dir='ltr'><strong>ante</strong></span> <span class='ocrx_word' id='word_1_210' title='bbox 1295 3899 1649 3949; x_wconf 87' lang='lat' dir='ltr'><strong>exeuntem</strong></span> <span class='ocrx_word' id='word_1_211' title='bbox 1692 3885 1978 3949; x_wconf 58' lang='lat' dir='ltr'><strong>Novem*</strong></span> 
     </span>
     <span class='ocr_line' id='line_1_34' title="bbox 422 3983 1977 4070; baseline -0.001 -24"><span class='ocrx_word' id='word_1_212' title='bbox 422 3985 628 4046; x_wconf 82' lang='lat' dir='ltr'><strong>brem</strong></span> <span class='ocrx_word' id='word_1_213' title='bbox 690 3984 828 4067; x_wconf 86' lang='lat' dir='ltr'><strong>ejus</strong></span> <span class='ocrx_word' id='word_1_214' title='bbox 884 3983 1040 4051; x_wconf 86' lang='lat' dir='ltr'><strong>anni</strong></span> <span class='ocrx_word' id='word_1_215' title='bbox 1079 3984 1430 4070; x_wconf 85' lang='lat' dir='ltr'><strong>imperium</strong></span> <span class='ocrx_word' id='word_1_216' title='bbox 1478 4005 1612 4051; x_wconf 87' lang='lat' dir='ltr'><strong>non</strong></span> <span class='ocrx_word' id='word_1_217' title='bbox 1677 3984 1977 4060; x_wconf 86' lang='lat' dir='ltr'><strong>obtinuit,</strong></span> 
     </span>
     <span class='ocr_line' id='line_1_35' title="bbox 427 4084 1972 4169; baseline -0.003 -19"><span class='ocrx_word' id='word_1_218' title='bbox 427 4099 509 4150; x_wconf 80' lang='lat' dir='ltr'><strong>et</strong></span> <span class='ocrx_word' id='word_1_219' title='bbox 542 4099 763 4149; x_wconf 82' lang='lat' dir='ltr'><strong>tamen</strong></span> <span class='ocrx_word' id='word_1_220' title='bbox 793 4085 859 4148; x_wconf 90' lang='lat' dir='ltr'><strong>in</strong></span> <span class='ocrx_word' id='word_1_221' title='bbox 905 4084 1288 4167; x_wconf 62' lang='lat' dir='ltr'><strong>ejusnumis</strong></span> <span class='ocrx_word' id='word_1_222' title='bbox 1319 4086 1566 4169; x_wconf 82' lang='lat' dir='ltr'><strong>legitur</strong></span> <span class='ocrx_word' id='word_1_223' title='bbox 1598 4099 1801 4150; x_wconf 67' lang='lat' dir='ltr'><strong>sunus</strong></span> <span class='ocrx_word' id='word_1_224' title='bbox 1829 4086 1972 4147; x_wconf 76' lang='grc' dir='ltr'><strong>ΧΠ.</strong></span> 
     </span>
     <span class='ocr_line' id='line_1_36' title="bbox 426 4184 1976 4252; baseline -0.002 -3"><span class='ocrx_word' id='word_1_225' title='bbox 426 4184 688 4250; x_wconf 77' lang='lat' dir='ltr'><strong>Eodem</strong></span> <span class='ocrx_word' id='word_1_226' title='bbox 730 4187 930 4251; x_wconf 82' lang='lat' dir='ltr'><strong>modo</strong></span> <span class='ocrx_word' id='word_1_227' title='bbox 966 4207 1060 4251; x_wconf 85' lang='lat' dir='ltr'><strong>ex</strong></span> <span class='ocrx_word' id='word_1_228' title='bbox 1112 4187 1328 4251; x_wconf 87' lang='lat' dir='ltr'><strong>numis</strong></span> <span class='ocrx_word' id='word_1_229' title='bbox 1375 4188 1619 4251; x_wconf 81' lang='lat' dir='ltr'><strong>Daciae</strong></span> <span class='ocrx_word' id='word_1_230' title='bbox 1670 4206 1818 4252; x_wconf 88' lang='lat' dir='ltr'><strong>cum</strong></span> <span class='ocrx_word' id='word_1_231' title='bbox 1867 4189 1976 4247; x_wconf 75' lang='lat' dir='ltr'><strong>an-</strong></span> 
     </span>
     <span class='ocr_line' id='line_1_37' title="bbox 419 4283 1972 4374; baseline -0.001 -24"><span class='ocrx_word' id='word_1_232' title='bbox 419 4307 525 4350; x_wconf 82' lang='lat' dir='ltr'><strong>no</strong></span> <span class='ocrx_word' id='word_1_233' title='bbox 579 4288 695 4350; x_wconf 84' lang='lat'><strong>111.</strong></span> <span class='ocrx_word' id='word_1_234' title='bbox 754 4300 824 4350; x_wconf 82' lang='lat' dir='ltr'><strong>et</strong></span> <span class='ocrx_word' id='word_1_235' title='bbox 884 4286 1205 4369; x_wconf 73' lang='lat' dir='ltr'><strong>capitibus</strong></span> <span class='ocrx_word' id='word_1_236' title='bbox 1267 4287 1568 4374; x_wconf 83' lang='lat' dir='ltr'><strong>Philippi</strong></span> <span class='ocrx_word' id='word_1_237' title='bbox 1616 4300 1683 4353; x_wconf 86' lang='lat' dir='ltr'><strong>et</strong></span> <span class='ocrx_word' id='word_1_238' title='bbox 1750 4283 1972 4363; x_wconf 85' lang='lat' dir='ltr'><strong>Decii,</strong></span> 
     </span>
     <span class='ocr_line' id='line_1_38' title="bbox 422 4387 1977 4475; baseline -0.001 -25"><span class='ocrx_word' id='word_1_239' title='bbox 422 4387 596 4451; x_wconf 84' lang='lat' dir='ltr'><strong>item</strong></span> <span class='ocrx_word' id='word_1_240' title='bbox 642 4410 793 4454; x_wconf 88' lang='lat' dir='ltr'><strong>cum</strong></span> <span class='ocrx_word' id='word_1_241' title='bbox 837 4410 1007 4454; x_wconf 86' lang='lat' dir='ltr'><strong>snuo</strong></span> <span class='ocrx_word' id='word_1_242' title='bbox 1050 4390 1132 4459; x_wconf 88' lang='lat' dir='ltr'><strong>V.</strong></span> <span class='ocrx_word' id='word_1_243' title='bbox 1175 4400 1244 4453; x_wconf 82' lang='lat' dir='ltr'><strong>et</strong></span> <span class='ocrx_word' id='word_1_244' title='bbox 1299 4389 1621 4475; x_wconf 82' lang='lat' dir='ltr'><strong>capitibus</strong></span> <span class='ocrx_word' id='word_1_245' title='bbox 1661 4387 1858 4453; x_wconf 85' lang='lat' dir='ltr'><strong>Decii</strong></span> <span class='ocrx_word' id='word_1_246' title='bbox 1908 4400 1977 4451; x_wconf 83' lang='lat' dir='ltr'><strong>et</strong></span> 
     </span>
    </p>
   </div>
   <div class='ocr_carea' id='block_1_5' title="bbox 637 4595 1657 4676">
    <p class='ocr_par' dir='ltr' id='par_1_6' title="bbox 637 4595 1657 4676">
     <span class='ocr_line' id='line_1_39' title="bbox 637 4595 1657 4676; baseline 0.003 -23"><span class='ocrx_word' id='word_1_247' title='bbox 637 4601 691 4653; x_wconf 81' lang='lat' dir='ltr'><strong>n)</strong></span> <span class='ocrx_word' id='word_1_248' title='bbox 724 4595 801 4657; x_wconf 81' lang='lat' dir='ltr'><strong>de</strong></span> <span class='ocrx_word' id='word_1_249' title='bbox 836 4596 972 4657; x_wconf 73' lang='lat' dir='ltr'><strong>trib.</strong></span> <span class='ocrx_word' id='word_1_250' title='bbox 999 4607 1130 4675; x_wconf 85' lang='lat' dir='ltr'><strong>pot.</strong></span> <span class='ocrx_word' id='word_1_251' title='bbox 1162 4616 1225 4674; x_wconf 88' lang='lat' dir='ltr'><strong>p.</strong></span> <span class='ocrx_word' id='word_1_252' title='bbox 1264 4604 1406 4670; x_wconf 75' lang='lat'><strong>162,</strong></span> <span class='ocrx_word' id='word_1_253' title='bbox 1432 4611 1494 4658; x_wconf 79' lang='lat' dir='ltr'><strong>et</strong></span> <span class='ocrx_word' id='word_1_254' title='bbox 1525 4606 1657 4676; x_wconf 63' lang='lat'><strong>1¹23.</strong></span> 
     </span>
    </p>
   </div>
   <div class='ocr_carea' id='block_1_6' title="bbox 3447 598 3580 659">
    <p class='ocr_par' dir='ltr' id='par_1_7' title="bbox 3447 598 3580 659">
     <span class='ocr_line' id='line_1_40' title="bbox 3447 598 3580 659; baseline -0.008 -4"><span class='ocrx_word' id='word_1_255' title='bbox 3447 650 3456 659; x_wconf 87' lang='lat'><strong>.</strong></span> <span class='ocrx_word' id='word_1_256' title='bbox 3496 598 3580 657; x_wconf 62' lang='lat'><strong>14</strong></span> 
     </span>
    </p>
   </div>
   <div class='ocr_carea' id='block_1_7' title="bbox 2043 723 3670 4478">
    <p class='ocr_par' dir='ltr' id='par_1_8' title="bbox 2043 723 3670 4478">
     <span class='ocr_line' id='line_1_41' title="bbox 2052 723 3594 831; baseline 0.005 -24"><span class='ocrx_word' id='word_1_257' title='bbox 2052 743 2226 808; x_wconf 88' lang='lat' dir='ltr'><strong>Galli</strong></span> <span class='ocrx_word' id='word_1_258' title='bbox 2271 744 2620 828; x_wconf 75' lang='lat' dir='ltr'><strong>probatur,</strong></span> <span class='ocrx_word' id='word_1_259' title='bbox 2680 742 2873 827; x_wconf 87' lang='lat' dir='ltr'><strong>hujus</strong></span> <span class='ocrx_word' id='word_1_260' title='bbox 2924 762 3183 831; x_wconf 89' lang='lat' dir='ltr'><strong>quoque</strong></span> <span class='ocrx_word' id='word_1_261' title='bbox 3229 766 3430 813; x_wconf 81' lang='lat' dir='ltr'><strong>annos</strong></span> <span class='ocrx_word' id='word_1_262' title='bbox 3461 723 3594 815; x_wconf 65' lang='lat' dir='ltr'><strong>ke-</strong></span> 
     </span>
     <span class='ocr_line' id='line_1_42' title="bbox 2051 844 3288 925; baseline 0.004 -15"><span class='ocrx_word' id='word_1_263' title='bbox 2051 844 2267 910; x_wconf 79' lang='lat' dir='ltr'><strong>lendis</strong></span> <span class='ocrx_word' id='word_1_264' title='bbox 2297 846 2441 913; x_wconf 83' lang='lat' dir='ltr'><strong>Jan.</strong></span> <span class='ocrx_word' id='word_1_265' title='bbox 2469 845 2698 910; x_wconf 87' lang='lat' dir='ltr'><strong>iterari</strong></span> <span class='ocrx_word' id='word_1_266' title='bbox 2733 846 2990 915; x_wconf 78' lang='lat' dir='ltr'><strong>solitos.</strong></span> <span class='ocrx_word' id='word_1_267' title='bbox 3275 916 3288 925; x_wconf 68' lang='grc'>,</span> 
     </span>
     <span class='ocr_line' id='line_1_43' title="bbox 2139 945 3605 1032; baseline 0.004 -22"><span class='ocrx_word' id='word_1_268' title='bbox 2139 946 2456 1011; x_wconf 80' lang='lat' dir='ltr'><strong>Ceterum</strong></span> <span class='ocrx_word' id='word_1_269' title='bbox 2493 961 2731 1032; x_wconf 75' lang='lat' dir='ltr'><strong>quanta</strong></span> <span class='ocrx_word' id='word_1_270' title='bbox 2763 945 2832 1009; x_wconf 87' lang='lat' dir='ltr'><strong>in</strong></span> <span class='ocrx_word' id='word_1_271' title='bbox 2866 945 2969 1011; x_wconf 86' lang='lat' dir='ltr'><strong>his</strong></span> <span class='ocrx_word' id='word_1_272' title='bbox 2996 949 3241 1014; x_wconf 70' lang='lat' dir='ltr'><strong>Daciae</strong></span> <span class='ocrx_word' id='word_1_273' title='bbox 3287 963 3353 1013; x_wconf 81' lang='lat' dir='ltr'><strong>et</strong></span> <span class='ocrx_word' id='word_1_274' title='bbox 3397 948 3605 1018; x_wconf 82' lang='lat' dir='ltr'><strong>Vimi-</strong></span> 
     </span>
     <span class='ocr_line' id='line_1_44' title="bbox 2052 1049 3595 1135; baseline 0.003 -24"><span class='ocrx_word' id='word_1_275' title='bbox 2052 1050 2227 1113; x_wconf 86' lang='lat' dir='ltr'><strong>nacii</strong></span> <span class='ocrx_word' id='word_1_276' title='bbox 2268 1049 2486 1113; x_wconf 68' lang='lat' dir='ltr'><strong>numi·</strong></span> <span class='ocrx_word' id='word_1_277' title='bbox 2528 1061 2765 1133; x_wconf 76' lang='lat' dir='ltr'><strong>regnet</strong></span> <span class='ocrx_word' id='word_1_278' title='bbox 2806 1052 3242 1135; x_wconf 71' lang='lat' dir='ltr'><strong>perversitas,</strong></span> <span class='ocrx_word' id='word_1_279' title='bbox 3286 1051 3440 1117; x_wconf 80' lang='lat' dir='ltr'><strong>dum</strong></span> <span class='ocrx_word' id='word_1_280' title='bbox 3474 1053 3595 1116; x_wconf 87' lang='lat' dir='ltr'><strong>im·</strong></span> 
     </span>
     <span class='ocr_line' id='line_1_45' title="bbox 2048 1149 3620 1236; baseline 0.004 -21"><span class='ocrx_word' id='word_1_281' title='bbox 2048 1150 2471 1236; x_wconf 77' lang='lat' dir='ltr'><strong>peratoribus</strong></span> <span class='ocrx_word' id='word_1_282' title='bbox 2508 1149 2886 1213; x_wconf 81' lang='lat' dir='ltr'><strong>tribuuntur</strong></span> <span class='ocrx_word' id='word_1_283' title='bbox 2926 1150 3098 1229; x_wconf 78' lang='lat' dir='ltr'><strong>anni,</strong></span> <span class='ocrx_word' id='word_1_284' title='bbox 3145 1153 3345 1217; x_wconf 87' lang='lat' dir='ltr'><strong>alieni</strong></span> <span class='ocrx_word' id='word_1_285' title='bbox 3385 1170 3620 1234; x_wconf 84' lang='lat' dir='ltr'><strong>certe,-</strong></span> 
     </span>
     <span class='ocr_line' id='line_1_46' title="bbox 2054 1248 3595 1335; baseline 0.004 -21"><span class='ocrx_word' id='word_1_286' title='bbox 2054 1252 2110 1314; x_wconf 91' lang='lat' dir='ltr'><strong>si</strong></span> <span class='ocrx_word' id='word_1_287' title='bbox 2163 1271 2247 1315; x_wconf 84' lang='lat' dir='ltr'><strong>ex</strong></span> <span class='ocrx_word' id='word_1_288' title='bbox 2286 1248 2574 1315; x_wconf 81' lang='lat' dir='ltr'><strong>indicato</strong></span> <span class='ocrx_word' id='word_1_289' title='bbox 2616 1249 2943 1335; x_wconf 83' lang='lat' dir='ltr'><strong>principio</strong></span> <span class='ocrx_word' id='word_1_290' title='bbox 2997 1267 3150 1317; x_wconf 84' lang='lat' dir='ltr'><strong>suut</strong></span> <span class='ocrx_word' id='word_1_291' title='bbox 3195 1254 3595 1332; x_wconf 79' lang='lat' dir='ltr'><strong>deducendi,</strong></span> 
     </span>
     <span class='ocr_line' id='line_1_47' title="bbox 2048 1353 3598 1442; baseline -0.006 -25"><span class='ocrx_word' id='word_1_292' title='bbox 2048 1354 2269 1417; x_wconf 77' lang='lat' dir='ltr'><strong>facile.</strong></span> <span class='ocrx_word' id='word_1_293' title='bbox 2304 1368 2387 1416; x_wconf 85' lang='lat' dir='ltr'><strong>ex</strong></span> <span class='ocrx_word' id='word_1_294' title='bbox 2437 1353 2793 1438; x_wconf 87' lang='lat' dir='ltr'><strong>propositis</strong></span> <span class='ocrx_word' id='word_1_295' title='bbox 2855 1354 3172 1439; x_wconf 78' lang='lat' dir='ltr'><strong>catalogis</strong></span> <span class='ocrx_word' id='word_1_296' title='bbox 3230 1372 3452 1442; x_wconf 61' lang='lat' dir='ltr'><strong>potest</strong></span> <span class='ocrx_word' id='word_1_297' title='bbox 3500 1358 3598 1421; x_wconf 68' lang='lat' dir='ltr'><strong>in.</strong></span> 
     </span>
     <span class='ocr_line' id='line_1_48' title="bbox 2047 1451 3588 1544; baseline 0.002 -27"><span class='ocrx_word' id='word_1_298' title='bbox 2047 1452 2300 1534; x_wconf 64' lang='lat' dir='ltr'><strong>telligi.</strong></span> <span class='ocrx_word' id='word_1_299' title='bbox 2341 1456 2592 1516; x_wconf 87' lang='lat' dir='ltr'><strong>Numos</strong></span> <span class='ocrx_word' id='word_1_300' title='bbox 2645 1453 2809 1517; x_wconf 85' lang='lat' dir='ltr'><strong>adeo</strong></span> <span class='ocrx_word' id='word_1_301' title='bbox 2871 1451 3260 1533; x_wconf 80' lang='lat' dir='ltr'><strong>discordes,</strong></span> <span class='ocrx_word' id='word_1_302' title='bbox 3344 1461 3588 1544; x_wconf 83' lang='lat' dir='ltr'><strong>quique</strong></span> 
     </span>
     <span class='ocr_line' id='line_1_49' title="bbox 2053 1553 3592 1641; baseline 0.003 -24"><span class='ocrx_word' id='word_1_303' title='bbox 2053 1553 2496 1618; x_wconf 85' lang='lat' dir='ltr'><strong>eruditissimo</strong></span> <span class='ocrx_word' id='word_1_304' title='bbox 2561 1558 2796 1639; x_wconf 85' lang='lat' dir='ltr'><strong>cuique</strong></span> <span class='ocrx_word' id='word_1_305' title='bbox 2842 1556 3029 1620; x_wconf 86' lang='lat' dir='ltr'><strong>nullo</strong></span> <span class='ocrx_word' id='word_1_306' title='bbox 3078 1572 3271 1641; x_wconf 80' lang='lat' dir='ltr'><strong>pacto</strong></span> <span class='ocrx_word' id='word_1_307' title='bbox 3334 1558 3592 1624; x_wconf 81' lang='lat' dir='ltr'><strong>domari</strong></span> 
     </span>
     <span class='ocr_line' id='line_1_50' title="bbox 2049 1656 3600 1743; baseline 0.002 -23"><span class='ocrx_word' id='word_1_308' title='bbox 2049 1676 2246 1743; x_wconf 91' lang='lat' dir='ltr'><strong>posse</strong></span> <span class='ocrx_word' id='word_1_309' title='bbox 2283 1656 2404 1722; x_wconf 81' lang='lat' dir='ltr'><strong>visi</strong></span> <span class='ocrx_word' id='word_1_310' title='bbox 2437 1670 2608 1731; x_wconf 88' lang='lat' dir='ltr'><strong>sunt,</strong></span> <span class='ocrx_word' id='word_1_311' title='bbox 2630 1668 2848 1719; x_wconf 87' lang='lat' dir='ltr'><strong>tamen</strong></span> <span class='ocrx_word' id='word_1_312' title='bbox 2863 1669 2937 1718; x_wconf 85' lang='lat' dir='ltr'><strong>ut</strong></span> <span class='ocrx_word' id='word_1_313' title='bbox 2953 1659 3152 1721; x_wconf 88' lang='lat' dir='ltr'><strong>certis</strong></span> <span class='ocrx_word' id='word_1_314' title='bbox 3174 1659 3435 1742; x_wconf 82' lang='lat' dir='ltr'><strong>legibus</strong></span> <span class='ocrx_word' id='word_1_315' title='bbox 3462 1663 3600 1724; x_wconf 74' lang='lat' dir='ltr'><strong>vin·</strong></span> 
     </span>
     <span class='ocr_line' id='line_1_51' title="bbox 2050 1757 3590 1843; baseline 0.002 -21"><span class='ocrx_word' id='word_1_316' title='bbox 2050 1760 2253 1835; x_wconf 85' lang='lat' dir='ltr'><strong>ciret,</strong></span> <span class='ocrx_word' id='word_1_317' title='bbox 2313 1757 2633 1821; x_wconf 84' lang='lat' dir='ltr'><strong>rationem</strong></span> <span class='ocrx_word' id='word_1_318' title='bbox 2694 1777 2765 1819; x_wconf 90' lang='lat' dir='ltr'><strong>se</strong></span> <span class='ocrx_word' id='word_1_319' title='bbox 2801 1762 3154 1843; x_wconf 47' lang='lat' dir='ltr'><strong>‘reperisse</strong></span> <span class='ocrx_word' id='word_1_320' title='bbox 3214 1762 3590 1826; x_wconf 74' lang='lat' dir='ltr'><strong>autumabat</strong></span> 
     </span>
     <span class='ocr_line' id='line_1_52' title="bbox 2049 1858 3599 1948; baseline -0.006 -25"><span class='ocrx_word' id='word_1_321' title='bbox 2049 1858 2350 1923; x_wconf 85' lang='lat' dir='ltr'><strong>eruditus</strong></span> <span class='ocrx_word' id='word_1_322' title='bbox 2383 1859 2815 1922; x_wconf 76' lang='lat' dir='ltr'><strong>Mazzolenus</strong></span> <span class='ocrx_word' id='word_1_323' title='bbox 2840 1863 2934 1943; x_wconf 75' lang='grc' dir='ltr'><strong>ῃ).</strong></span> <span class='ocrx_word' id='word_1_324' title='bbox 2966 1863 3116 1925; x_wconf 90' lang='lat' dir='ltr'><strong>Duo</strong></span> <span class='ocrx_word' id='word_1_325' title='bbox 3161 1863 3446 1946; x_wconf 75' lang='lat' dir='ltr'><strong>utrique·</strong></span> <span class='ocrx_word' id='word_1_326' title='bbox 3474 1883 3599 1948; x_wconf 76' lang='lat' dir='ltr'><strong>po-</strong></span> 
     </span>
     <span class='ocr_line' id='line_1_53' title="bbox 2047 1958 3592 2047; baseline 0.001 -24"><span class='ocrx_word' id='word_1_327' title='bbox 2047 1963 2204 2047; x_wconf 89' lang='lat' dir='ltr'><strong>pulo</strong></span> <span class='ocrx_word' id='word_1_328' title='bbox 2234 1959 2456 2025; x_wconf 78' lang='lat' dir='ltr'><strong>statuit</strong></span> <span class='ocrx_word' id='word_1_329' title='bbox 2491 1958 2693 2023; x_wconf 85' lang='lat' dir='ltr'><strong>fuisse</strong></span> <span class='ocrx_word' id='word_1_330' title='bbox 2724 1981 2917 2026; x_wconf 84' lang='lat' dir='ltr'><strong>aerae</strong></span> <span class='ocrx_word' id='word_1_331' title='bbox 2944 1963 3236 2040; x_wconf 81' lang='lat' dir='ltr'><strong>exordia,</strong></span> <span class='ocrx_word' id='word_1_332' title='bbox 3272 1963 3363 2026; x_wconf 87' lang='lat' dir='ltr'><strong>sic</strong></span> <span class='ocrx_word' id='word_1_333' title='bbox 3389 1980 3458 2024; x_wconf 84' lang='lat' dir='ltr'><strong>ut</strong></span> <span class='ocrx_word' id='word_1_334' title='bbox 3479 1965 3592 2030; x_wconf 88' lang='lat' dir='ltr'><strong>Vi-</strong></span> 
     </span>
     <span class='ocr_line' id='line_1_54' title="bbox 2048 2060 3592 2150; baseline 0.002 -24"><span class='ocrx_word' id='word_1_335' title='bbox 2048 2061 2332 2126; x_wconf 89' lang='lat' dir='ltr'><strong>minacio</strong></span> <span class='ocrx_word' id='word_1_336' title='bbox 2369 2082 2564 2124; x_wconf 87' lang='lat' dir='ltr'><strong>unum</strong></span> <span class='ocrx_word' id='word_1_337' title='bbox 2598 2060 2836 2140; x_wconf 82' lang='lat' dir='ltr'><strong>fuerit„</strong></span> <span class='ocrx_word' id='word_1_338' title='bbox 2867 2078 2935 2128; x_wconf 89' lang='lat' dir='ltr'><strong>et</strong></span> <span class='ocrx_word' id='word_1_339' title='bbox 2968 2063 3032 2125; x_wconf 88' lang='lat' dir='ltr'><strong>in</strong></span> <span class='ocrx_word' id='word_1_340' title='bbox 3080 2064 3414 2150; x_wconf 83' lang='lat' dir='ltr'><strong>plerisque</strong></span> <span class='ocrx_word' id='word_1_341' title='bbox 3447 2067 3592 2150; x_wconf 66' lang='lat' dir='ltr'><strong>ejus</strong></span> 
     </span>
     <span class='ocr_line' id='line_1_55' title="bbox 2045 2161 3591 2252; baseline 0.002 -27"><span class='ocrx_word' id='word_1_342' title='bbox 2045 2162 2259 2225; x_wconf 86' lang='lat' dir='ltr'><strong>numis</strong></span> <span class='ocrx_word' id='word_1_343' title='bbox 2299 2161 2721 2246; x_wconf 81' lang='lat' dir='ltr'><strong>conspicuum</strong></span> <span class='ocrx_word' id='word_1_344' title='bbox 2786 2165 2866 2227; x_wconf 85' lang='lat' dir='ltr'><strong>ub</strong></span> <span class='ocrx_word' id='word_1_345' title='bbox 2929 2186 3099 2237; x_wconf 72' lang='lat' dir='ltr'><strong>anno</strong></span> <span class='ocrx_word' id='word_1_346' title='bbox 3161 2166 3242 2233; x_wconf 86' lang='lat' dir='ltr'><strong>V.</strong></span> <span class='ocrx_word' id='word_1_347' title='bbox 3295 2167 3364 2229; x_wconf 90' lang='lat' dir='ltr'><strong>C.</strong></span> <span class='ocrx_word' id='word_1_348' title='bbox 3425 2166 3548 2252; x_wconf 82' lang='grc'><strong>993</strong></span> <span class='ocrx_word' id='word_1_349' title='bbox 3572 2210 3591 2240; x_wconf 87' lang='grc'><em>,</em></span> 
     </span>
     <span class='ocr_line' id='line_1_56' title="bbox 2047 2261 3590 2350; baseline 0 -21"><span class='ocrx_word' id='word_1_350' title='bbox 2047 2264 2331 2329; x_wconf 72' lang='lat' dir='ltr'><strong>alterurn</strong></span> <span class='ocrx_word' id='word_1_351' title='bbox 2363 2261 2571 2325; x_wconf 87' lang='lat' dir='ltr'><strong>minus</strong></span> <span class='ocrx_word' id='word_1_352' title='bbox 2609 2264 2912 2327; x_wconf 86' lang='lat' dir='ltr'><strong>usitatum</strong></span> <span class='ocrx_word' id='word_1_353' title='bbox 2946 2265 3028 2329; x_wconf 86' lang='lat' dir='ltr'><strong>ab</strong></span> <span class='ocrx_word' id='word_1_354' title='bbox 3061 2287 3230 2330; x_wconf 79' lang='lat' dir='ltr'><strong>anno</strong></span> <span class='ocrx_word' id='word_1_355' title='bbox 3263 2269 3424 2350; x_wconf 87' lang='grc'><strong>995,</strong></span> <span class='ocrx_word' id='word_1_356' title='bbox 3455 2267 3590 2329; x_wconf 79' lang='lat' dir='ltr'><strong>Da·</strong></span> 
     </span>
     <span class='ocr_line' id='line_1_57' title="bbox 2044 2363 3670 2446; baseline -0.002 -16"><span class='ocrx_word' id='word_1_357' title='bbox 2044 2366 2184 2430; x_wconf 86' lang='lat' dir='ltr'><strong>ciae</strong></span> <span class='ocrx_word' id='word_1_358' title='bbox 2230 2363 2622 2446; x_wconf 58' lang='lat' dir='ltr'><strong>principium</strong></span> <span class='ocrx_word' id='word_1_359' title='bbox 2674 2367 2954 2429; x_wconf 81' lang='lat' dir='ltr'><strong>maxime</strong></span> <span class='ocrx_word' id='word_1_360' title='bbox 3005 2368 3311 2431; x_wconf 81' lang='lat' dir='ltr'><strong>usitatum</strong></span> <span class='ocrx_word' id='word_1_361' title='bbox 3350 2365 3431 2430; x_wconf 86' lang='lat' dir='ltr'><strong>ub</strong></span> <span class='ocrx_word' id='word_1_362' title='bbox 3481 2388 3594 2430; x_wconf 86' lang='lat' dir='ltr'><strong>an·</strong></span> <span class='ocrx_word' id='word_1_363' title='bbox 3663 2388 3670 2395; x_wconf 91' lang='lat'><strong>·</strong></span> 
     </span>
     <span class='ocr_line' id='line_1_58' title="bbox 2043 2467 3592 2543; baseline 0.001 -14"><span class='ocrx_word' id='word_1_364' title='bbox 2043 2487 2131 2530; x_wconf 92' lang='lat' dir='ltr'><strong>no</strong></span> <span class='ocrx_word' id='word_1_365' title='bbox 2190 2468 2270 2534; x_wconf 84' lang='lat' dir='ltr'><strong>V.</strong></span> <span class='ocrx_word' id='word_1_366' title='bbox 2340 2467 2412 2530; x_wconf 79' lang='lat' dir='ltr'><strong>C.</strong></span> <span class='ocrx_word' id='word_1_367' title='bbox 2482 2484 2672 2543; x_wconf 79' lang='lat' dir='ltr'><strong>tooo,</strong></span> <span class='ocrx_word' id='word_1_368' title='bbox 2733 2467 3010 2531; x_wconf 77' lang='lat' dir='ltr'><strong>alterum</strong></span> <span class='ocrx_word' id='word_1_369' title='bbox 3049 2471 3261 2533; x_wconf 71' lang='lat' dir='ltr'><strong>rarius</strong></span> <span class='ocrx_word' id='word_1_370' title='bbox 3290 2467 3592 2533; x_wconf 83' lang='lat' dir='ltr'><strong>adhiberi</strong></span> 
     </span>
     <span class='ocr_line' id='line_1_59' title="bbox 2043 2565 3606 2654; baseline 0.003 -26"><span class='ocrx_word' id='word_1_371' title='bbox 2043 2566 2308 2632; x_wconf 82' lang='lat' dir='ltr'><strong>solitum</strong></span> <span class='ocrx_word' id='word_1_372' title='bbox 2352 2565 2434 2628; x_wconf 85' lang='lat' dir='ltr'><strong>ab</strong></span> <span class='ocrx_word' id='word_1_373' title='bbox 2474 2585 2873 2633; x_wconf 71' lang='lat' dir='ltr'><strong>anno-noos.</strong></span> <span class='ocrx_word' id='word_1_374' title='bbox 2931 2572 3032 2633; x_wconf 84' lang='lat' dir='ltr'><strong>No</strong></span> <span class='ocrx_word' id='word_1_375' title='bbox 3069 2592 3230 2635; x_wconf 82' lang='lat' dir='ltr'><strong>vcro</strong></span> <span class='ocrx_word' id='word_1_376' title='bbox 3277 2571 3606 2654; x_wconf 80' lang='lat' dir='ltr'><strong>multipli-·</strong></span> 
     </span>
     <span class='ocr_line' id='line_1_60' title="bbox 2045 2666 3583 2756; baseline 0 -21"><span class='ocrx_word' id='word_1_377' title='bbox 2045 2687 2157 2735; x_wconf 86' lang='lat' dir='ltr'><strong>ces</strong></span> <span class='ocrx_word' id='word_1_378' title='bbox 2187 2667 2314 2731; x_wconf 85' lang='lat' dir='ltr'><strong>hae</strong></span> <span class='ocrx_word' id='word_1_379' title='bbox 2343 2686 2536 2733; x_wconf 80' lang='lat' dir='ltr'><strong>aerae</strong></span> <span class='ocrx_word' id='word_1_380' title='bbox 2567 2666 2993 2734; x_wconf 80' lang='lat' dir='ltr'><strong>incredibiles</strong></span> <span class='ocrx_word' id='word_1_381' title='bbox 3010 2671 3583 2756; x_wconf 74' lang='lat' dir='ltr'><strong>videantur,jubet</strong></span> 
     </span>
     <span class='ocr_line' id='line_1_61' title="bbox 2043 2767 3590 2858; baseline 0.001 -26"><span class='ocrx_word' id='word_1_382' title='bbox 2043 2770 2383 2855; x_wconf 79' lang='lat' dir='ltr'><strong>respicere</strong></span> <span class='ocrx_word' id='word_1_383' title='bbox 2413 2767 2866 2848; x_wconf 82' lang='lat' dir='ltr'><strong>Antiochiam,</strong></span> <span class='ocrx_word' id='word_1_384' title='bbox 2915 2772 3208 2857; x_wconf 88' lang='lat' dir='ltr'><strong>Sinopen</strong></span> <span class='ocrx_word' id='word_1_385' title='bbox 3233 2816 3252 2848; x_wconf 93' lang='lat'><strong>,</strong></span> <span class='ocrx_word' id='word_1_386' title='bbox 3296 2773 3590 2858; x_wconf 72' lang='lat' dir='ltr'><strong>aliusque</strong></span> 
     </span>
     <span class='ocr_line' id='line_1_62' title="bbox 2043 2864 3584 2959; baseline 0.001 -23"><span class='ocrx_word' id='word_1_387' title='bbox 2043 2871 2272 2948; x_wconf 80' lang='lat' dir='ltr'><strong>urbes,</strong></span> <span class='ocrx_word' id='word_1_388' title='bbox 2315 2889 2480 2956; x_wconf 85' lang='lat' dir='ltr'><strong>quse</strong></span> <span class='ocrx_word' id='word_1_389' title='bbox 2520 2867 2699 2953; x_wconf 84' lang='lat' dir='ltr'><strong>ipsae</strong></span> <span class='ocrx_word' id='word_1_390' title='bbox 2732 2891 2993 2959; x_wconf 85' lang='lat' dir='ltr'><strong>quoque</strong></span> <span class='ocrx_word' id='word_1_391' title='bbox 3027 2864 3226 2940; x_wconf 80' lang='lat' dir='ltr'><strong>variis</strong></span> <span class='ocrx_word' id='word_1_392' title='bbox 3256 2875 3584 2956; x_wconf 74' lang='lat' dir='ltr'><strong>epochisa</strong></span> 
     </span>
     <span class='ocr_line' id='line_1_63' title="bbox 2048 2971 3591 3057; baseline -0.001 -17"><span class='ocrx_word' id='word_1_393' title='bbox 2048 2973 2230 3040; x_wconf 71' lang='lat' dir='ltr'><strong>vario</strong></span> <span class='ocrx_word' id='word_1_394' title='bbox 2280 2973 2496 3057; x_wconf 84' lang='lat' dir='ltr'><strong>capite</strong></span> <span class='ocrx_word' id='word_1_395' title='bbox 2529 2971 2842 3038; x_wconf 78' lang='lat' dir='ltr'><strong>derivatis</strong></span> <span class='ocrx_word' id='word_1_396' title='bbox 2875 2994 3031 3038; x_wconf 81' lang='lat' dir='ltr'><strong>usse</strong></span> <span class='ocrx_word' id='word_1_397' title='bbox 3067 2979 3240 3039; x_wconf 82' lang='lat' dir='ltr'><strong>sunt.</strong></span> <span class='ocrx_word' id='word_1_398' title='bbox 3287 2978 3435 3039; x_wconf 87' lang='lat' dir='ltr'><strong>Non</strong></span> <span class='ocrx_word' id='word_1_399' title='bbox 3479 2996 3591 3040; x_wconf 81' lang='lat' dir='ltr'><strong>ve·</strong></span> 
     </span>
     <span class='ocr_line' id='line_1_64' title="bbox 2049 3074 3588 3162; baseline -0.003 -23"><span class='ocrx_word' id='word_1_400' title='bbox 2049 3095 2213 3140; x_wconf 86' lang='lat' dir='ltr'><strong>reor</strong></span> <span class='ocrx_word' id='word_1_401' title='bbox 2263 3074 2640 3150; x_wconf 66' lang='lat' dir='ltr'><strong>adfirmare,</strong></span> <span class='ocrx_word' id='word_1_402' title='bbox 2718 3085 3290 3162; x_wconf 76' lang='lat' dir='ltr'><strong>quantumcunque</strong></span> <span class='ocrx_word' id='word_1_403' title='bbox 3351 3075 3476 3138; x_wconf 85' lang='lat' dir='ltr'><strong>sibi</strong></span> <span class='ocrx_word' id='word_1_404' title='bbox 3518 3076 3588 3136; x_wconf 85' lang='lat' dir='ltr'><strong>in</strong></span> 
     </span>
     <span class='ocr_line' id='line_1_65' title="bbox 2052 3175 3592 3263; baseline 0 -22"><span class='ocrx_word' id='word_1_405' title='bbox 2052 3176 2370 3263; x_wconf 79' lang='lat' dir='ltr'><strong>singulari</strong></span> <span class='ocrx_word' id='word_1_406' title='bbox 2405 3176 2536 3239; x_wconf 85' lang='lat' dir='ltr'><strong>hoo</strong></span> <span class='ocrx_word' id='word_1_407' title='bbox 2573 3196 2693 3239; x_wconf 86' lang='lat' dir='ltr'><strong>suo</strong></span> <span class='ocrx_word' id='word_1_408' title='bbox 2729 3175 2996 3242; x_wconf 73' lang='lat' dir='ltr'><strong>invento</strong></span> <span class='ocrx_word' id='word_1_409' title='bbox 3028 3179 3292 3262; x_wconf 73' lang='lat' dir='ltr'><strong>plaudat</strong></span> <span class='ocrx_word' id='word_1_410' title='bbox 3325 3183 3592 3241; x_wconf 68' lang='lat' dir='ltr'><strong>Mazza-</strong></span> 
     </span>
     <span class='ocr_line' id='line_1_66' title="bbox 2051 3278 3606 3363; baseline -0.001 -20"><span class='ocrx_word' id='word_1_411' title='bbox 2051 3282 2278 3357; x_wconf 89' lang='lat' dir='ltr'><strong>lenus,</strong></span> <span class='ocrx_word' id='word_1_412' title='bbox 2326 3278 2712 3342; x_wconf 85' lang='lat' dir='ltr'><strong>sententiam</strong></span> <span class='ocrx_word' id='word_1_413' title='bbox 2745 3278 2913 3340; x_wconf 78' lang='lat' dir='ltr'><strong>hanc</strong></span> <span class='ocrx_word' id='word_1_414' title='bbox 2954 3300 3039 3344; x_wconf 84' lang='lat' dir='ltr'><strong>ne</strong></span> <span class='ocrx_word' id='word_1_415' title='bbox 3075 3278 3435 3363; x_wconf 75' lang='lat' dir='ltr'><strong>probabilis</strong></span> <span class='ocrx_word' id='word_1_416' title='bbox 3450 3281 3606 3362; x_wconf 88' lang='lat' dir='ltr'><strong>qui·-</strong></span> 
     </span>
     <span class='ocr_line' id='line_1_67' title="bbox 2051 3377 3585 3464; baseline -0.002 -21"><span class='ocrx_word' id='word_1_417' title='bbox 2051 3380 2201 3464; x_wconf 70' lang='grc' dir='ltr'><strong>ἆραι</strong></span> <span class='ocrx_word' id='word_1_418' title='bbox 2239 3381 2661 3463; x_wconf 86' lang='lat' dir='ltr'><strong>eonjecturae</strong></span> <span class='ocrx_word' id='word_1_419' title='bbox 2692 3377 2968 3444; x_wconf 75' lang='lat' dir='ltr'><strong>laudem</strong></span> <span class='ocrx_word' id='word_1_420' title='bbox 2991 3382 3257 3446; x_wconf 85' lang='lat' dir='ltr'><strong>mereri.</strong></span> <span class='ocrx_word' id='word_1_421' title='bbox 3291 3382 3390 3442; x_wconf 81' lang='lat' dir='ltr'><strong>An</strong></span> <span class='ocrx_word' id='word_1_422' title='bbox 3408 3379 3585 3441; x_wconf 83' lang='lat' dir='ltr'><strong>enim</strong></span> 
     </span>
     <span class='ocr_line' id='line_1_68' title="bbox 2049 3480 3598 3559; baseline -0.003 -15"><span class='ocrx_word' id='word_1_423' title='bbox 2049 3481 2428 3559; x_wconf 82' lang='lat' dir='ltr'><strong>verisimile,</strong></span> <span class='ocrx_word' id='word_1_424' title='bbox 2464 3481 2628 3543; x_wconf 80' lang='lat' dir='ltr'><strong>hanc</strong></span> <span class='ocrx_word' id='word_1_425' title='bbox 2661 3501 2976 3545; x_wconf 86' lang='lat' dir='ltr'><strong>annorum</strong></span> <span class='ocrx_word' id='word_1_426' title='bbox 3022 3482 3474 3546; x_wconf 86' lang='lat' dir='ltr'><strong>confusionem</strong></span> <span class='ocrx_word' id='word_1_427' title='bbox 3517 3480 3598 3541; x_wconf 67' lang='lat' dir='ltr'><strong>in⁴</strong></span> 
     </span>
     <span class='ocr_line' id='line_1_69' title="bbox 2045 3579 3602 3667; baseline -0.001 -23"><span class='ocrx_word' id='word_1_428' title='bbox 2045 3595 2328 3666; x_wconf 86' lang='lat' dir='ltr'><strong>utroque</strong></span> <span class='ocrx_word' id='word_1_429' title='bbox 2374 3581 2623 3667; x_wconf 86' lang='lat' dir='ltr'><strong>populo</strong></span> <span class='ocrx_word' id='word_1_430' title='bbox 2668 3581 2930 3666; x_wconf 74' lang='lat' dir='ltr'><strong>publica</strong></span> <span class='ocrx_word' id='word_1_431' title='bbox 2983 3581 3137 3666; x_wconf 81' lang='lat' dir='ltr'><strong>lege</strong></span> <span class='ocrx_word' id='word_1_432' title='bbox 3207 3579 3602 3656; x_wconf 76' lang='lat' dir='ltr'><strong>stabilitam,-</strong></span> 
     </span>
     <span class='ocr_line' id='line_1_70' title="bbox 2048 3681 3590 3768; baseline -0.003 -21"><span class='ocrx_word' id='word_1_433' title='bbox 2048 3697 2117 3747; x_wconf 90' lang='lat' dir='ltr'><strong>et</strong></span> <span class='ocrx_word' id='word_1_434' title='bbox 2168 3682 2238 3745; x_wconf 89' lang='lat' dir='ltr'><strong>in</strong></span> <span class='ocrx_word' id='word_1_435' title='bbox 2277 3694 2698 3746; x_wconf 81' lang='lat' dir='ltr'><strong>monuments</strong></span> <span class='ocrx_word' id='word_1_436' title='bbox 2741 3681 3004 3768; x_wconf 86' lang='lat' dir='ltr'><strong>publiea</strong></span> <span class='ocrx_word' id='word_1_437' title='bbox 3039 3681 3424 3747; x_wconf 78' lang='lat' dir='ltr'><strong>inductam?</strong></span> <span class='ocrx_word' id='word_1_438' title='bbox 3450 3683 3590 3744; x_wconf 82' lang='lat' dir='ltr'><strong>Ex·</strong></span> 
     </span>
     <span class='ocr_line' id='line_1_71' title="bbox 2048 3781 3602 3867; baseline -0.003 -19"><span class='ocrx_word' id='word_1_439' title='bbox 2048 3796 2222 3848; x_wconf 73' lang='lat' dir='ltr'><strong>stunt</strong></span> <span class='ocrx_word' id='word_1_440' title='bbox 2268 3782 2450 3845; x_wconf 86' lang='lat' dir='ltr'><strong>numi</strong></span> <span class='ocrx_word' id='word_1_441' title='bbox 2494 3783 3022 3855; x_wconf 73' lang='lat' dir='ltr'><strong>Viminacienses</strong></span> <span class='ocrx_word' id='word_1_442' title='bbox 3052 3781 3381 3867; x_wconf 79' lang='lat' dir='ltr'><strong>Philippi,</strong></span> <span class='ocrx_word' id='word_1_443' title='bbox 3428 3799 3602 3866; x_wconf 59' lang='lat' dir='ltr'><strong>quoe</strong></span> 
     </span>
     <span class='ocr_line' id='line_1_72' title="bbox 2047 3882 3588 3970; baseline -0.005 -22"><span class='ocrx_word' id='word_1_444' title='bbox 2047 3906 2193 3948; x_wconf 87' lang='lat' dir='ltr'><strong>rum</strong></span> <span class='ocrx_word' id='word_1_445' title='bbox 2228 3885 2383 3961; x_wconf 91' lang='lat' dir='ltr'><strong>uni,</strong></span> <span class='ocrx_word' id='word_1_446' title='bbox 2428 3883 2560 3948; x_wconf 73' lang='lat' dir='ltr'><strong>sed</strong></span> <span class='ocrx_word' id='word_1_447' title='bbox 2585 3885 2740 3959; x_wconf 82' lang='lat' dir='ltr'><strong>rari,</strong></span> <span class='ocrx_word' id='word_1_448' title='bbox 2767 3885 3068 3970; x_wconf 88' lang='lat' dir='ltr'><strong>inscripti</strong></span> <span class='ocrx_word' id='word_1_449' title='bbox 3097 3886 3237 3949; x_wconf 84' lang='lat' dir='ltr'><strong>AN.</strong></span> <span class='ocrx_word' id='word_1_450' title='bbox 3274 3882 3457 3960; x_wconf 71' lang='lat'>1111„</span> <span class='ocrx_word' id='word_1_451' title='bbox 3476 3882 3588 3945; x_wconf 87' lang='lat' dir='ltr'><strong>alii</strong></span> 
     </span>
     <span class='ocr_line' id='line_1_73' title="bbox 2047 3979 3585 4080; baseline -0.003 -32"><span class='ocrx_word' id='word_1_452' title='bbox 2047 3984 2433 4070; x_wconf 81' lang='lat' dir='ltr'><strong>frequentes</strong></span> <span class='ocrx_word' id='word_1_453' title='bbox 2474 3987 2616 4050; x_wconf 83' lang='lat' dir='ltr'><strong>AN.</strong></span> <span class='ocrx_word' id='word_1_454' title='bbox 2660 3985 2781 4052; x_wconf 90' lang='lat' dir='ltr'><strong>VI.</strong></span> <span class='ocrx_word' id='word_1_455' title='bbox 2843 3984 3169 4080; x_wconf 80' lang='lat' dir='ltr'><strong>Quoniam</strong></span> <span class='ocrx_word' id='word_1_456' title='bbox 3216 4003 3421 4047; x_wconf 86' lang='lat' dir='ltr'><strong>annus</strong></span> <span class='ocrx_word' id='word_1_457' title='bbox 3466 3979 3585 4055; x_wconf 79' lang='lat' dir='ltr'><strong>lv.</strong></span> 
     </span>
     <span class='ocr_line' id='line_1_74' title="bbox 2045 4082 3585 4170; baseline -0.005 -19"><span class='ocrx_word' id='word_1_458' title='bbox 2045 4084 2436 4167; x_wconf 86' lang='lat' dir='ltr'><strong>Viminacii,</strong></span> <span class='ocrx_word' id='word_1_459' title='bbox 2498 4087 2553 4149; x_wconf 90' lang='lat' dir='ltr'><strong>si</strong></span> <span class='ocrx_word' id='word_1_460' title='bbox 2603 4085 2713 4151; x_wconf 86' lang='lat' dir='ltr'><strong>hic</strong></span> <span class='ocrx_word' id='word_1_461' title='bbox 2760 4085 2841 4149; x_wconf 82' lang='lat' dir='ltr'><strong>ab</strong></span> <span class='ocrx_word' id='word_1_462' title='bbox 2874 4108 3042 4152; x_wconf 81' lang='lat' dir='ltr'><strong>suno</strong></span> <span class='ocrx_word' id='word_1_463' title='bbox 3069 4087 3153 4154; x_wconf 87' lang='lat' dir='ltr'><strong>V.</strong></span> <span class='ocrx_word' id='word_1_464' title='bbox 3187 4086 3258 4151; x_wconf 90' lang='lat' dir='ltr'><strong>C.</strong></span> <span class='ocrx_word' id='word_1_465' title='bbox 3291 4085 3440 4170; x_wconf 78' lang='grc'><strong>993.</strong></span> <span class='ocrx_word' id='word_1_466' title='bbox 3470 4082 3585 4146; x_wconf 79' lang='lat' dir='ltr'><strong>‹le-</strong></span> 
     </span>
     <span class='ocr_line' id='line_1_75' title="bbox 2046 4186 3589 4273; baseline -0.001 -23"><span class='ocrx_word' id='word_1_467' title='bbox 2046 4186 2358 4266; x_wconf 79' lang='lat' dir='ltr'><strong>ducstur,</strong></span> <span class='ocrx_word' id='word_1_468' title='bbox 2418 4188 2489 4250; x_wconf 90' lang='lat' dir='ltr'><strong>in</strong></span> <span class='ocrx_word' id='word_1_469' title='bbox 2544 4187 2896 4273; x_wconf 83' lang='lat' dir='ltr'><strong>imperium</strong></span> <span class='ocrx_word' id='word_1_470' title='bbox 2929 4186 3223 4273; x_wconf 81' lang='lat' dir='ltr'><strong>Philippi</strong></span> <span class='ocrx_word' id='word_1_471' title='bbox 3259 4206 3391 4251; x_wconf 89' lang='lat' dir='ltr'><strong>non</strong></span> <span class='ocrx_word' id='word_1_472' title='bbox 3431 4203 3589 4270; x_wconf 89' lang='lat' dir='ltr'><strong>por·</strong></span> 
     </span>
     <span class='ocr_line' id='line_1_76' title="bbox 2043 4286 3580 4372; baseline -0.003 -22"><span class='ocrx_word' id='word_1_473' title='bbox 2043 4287 2531 4372; x_wconf 46' lang='lat' dir='ltr'><strong>rigitursteum</strong></span> <span class='ocrx_word' id='word_1_474' title='bbox 2560 4288 2997 4355; x_wconf 75' lang='lat' dir='ltr'><strong>Mozzolenus</strong></span> <span class='ocrx_word' id='word_1_475' title='bbox 3043 4289 3124 4353; x_wconf 88' lang='lat' dir='ltr'><strong>ab</strong></span> <span class='ocrx_word' id='word_1_476' title='bbox 3172 4307 3341 4350; x_wconf 74' lang='lat' dir='ltr'><strong>anno</strong></span> <span class='ocrx_word' id='word_1_477' title='bbox 3388 4290 3471 4357; x_wconf 89' lang='lat' dir='ltr'><strong>V.</strong></span> <span class='ocrx_word' id='word_1_478' title='bbox 3505 4286 3580 4349; x_wconf 88' lang='lat' dir='ltr'><strong>C.</strong></span> 
     </span>
     <span class='ocr_line' id='line_1_77' title="bbox 2045 4387 3583 4478; baseline -0.001 -25"><span class='ocrx_word' id='word_1_479' title='bbox 2045 4391 2172 4473; x_wconf 82' lang='grc'><strong>995</strong></span> <span class='ocrx_word' id='word_1_480' title='bbox 2214 4387 2490 4464; x_wconf 77' lang='lat' dir='ltr'><strong>derivat.</strong></span> <span class='ocrx_word' id='word_1_481' title='bbox 2533 4394 2718 4478; x_wconf 80' lang='lat' dir='ltr'><strong>Ergo</strong></span> <span class='ocrx_word' id='word_1_482' title='bbox 2752 4390 2990 4456; x_wconf 81' lang='lat' dir='ltr'><strong>eodem</strong></span> <span class='ocrx_word' id='word_1_483' title='bbox 3018 4408 3188 4455; x_wconf 84' lang='lat' dir='ltr'><strong>anno</strong></span> <span class='ocrx_word' id='word_1_484' title='bbox 3214 4391 3296 4460; x_wconf 85' lang='lat' dir='ltr'><strong>V.</strong></span> <span class='ocrx_word' id='word_1_485' title='bbox 3327 4388 3399 4455; x_wconf 87' lang='lat' dir='ltr'><strong>C.</strong></span> <span class='ocrx_word' id='word_1_486' title='bbox 3437 4389 3583 4473; x_wconf 85' lang='grc'><strong>998.</strong></span> 
     </span>
    </p>
   </div>
   <div class='ocr_carea' id='block_1_8' title="bbox 1861 4598 2332 4677">
    <p class='ocr_par' dir='ltr' id='par_1_9' title="bbox 1861 4598 2332 4677">
     <span class='ocr_line' id='line_1_78' title="bbox 1861 4598 2332 4677; baseline 0.008 -21"><span class='ocrx_word' id='word_1_487' title='bbox 1861 4599 1912 4656; x_wconf 83' lang='lat'><strong>0)</strong></span> <span class='ocrx_word' id='word_1_488' title='bbox 1943 4598 1986 4658; x_wconf 83' lang='lat' dir='ltr'><strong>I.</strong></span> <span class='ocrx_word' id='word_1_489' title='bbox 2019 4618 2068 4659; x_wconf 78' lang='lat' dir='ltr'><strong>e.</strong></span> <span class='ocrx_word' id='word_1_490' title='bbox 2101 4619 2166 4677; x_wconf 81' lang='lat' dir='ltr'><strong>p.</strong></span> <span class='ocrx_word' id='word_1_491' title='bbox 2207 4605 2332 4666; x_wconf 71' lang='lat'><strong>162.</strong></span> 
     </span>
    </p>
   </div>
   <div class='ocr_carea' id='block_1_9' title="bbox 3045 4695 3188 4755">
    <p class='ocr_par' dir='ltr' id='par_1_10' title="bbox 3045 4695 3188 4755">
     <span class='ocr_line' id='line_1_79' title="bbox 3045 4695 3188 4755; baseline -0.014 0"><span class='ocrx_word' id='word_1_492' title='bbox 3045 4695 3188 4755; x_wconf 71' lang='lat' dir='ltr'><strong>Bu</strong></span> 
     </span>
    </p>
   </div>
  </div>
 </body>
</html>
