4575 5850
921 1814 930 1819 -
1040 1780 1254 1842 minus
1306 1800 1455 1842 cum
1512 1777 1818 1843 cornibus
1852 1779 2098 1842 arietis·
2106 1778 2308 1842 fuisse
2339 1800 2579 1864 propo·

1068 704 1278 831 ιιι·
1796 788 1815 806 ,
1998 706 2403 780 REGEs
2503 706 3337 782 MACEDONIAE.

1047 878 1287 953 tentia,
1333 874 1658 941 censentis
1705 868 1770 957 i),
1811 872 2222 963 Demetrium
2267 877 2459 962 hujus
2503 876 2583 939 si·
2652 876 2845 962 pulso
2903 877 3095 941 etiam
3156 875 3414 957 Pyrrho
3460 873 3653 965 ‘solus
3711 873 3878 937 illud
3933 872 4176 949 obtinet

1045 983 1115 1045 hi
1171 978 1463 1044 animalis
1527 996 1736 1038 cornu
1780 975 2104 1039 addidisse
2146 976 2393 1041 Bacchi
2437 998 2585 1041 cau·
2651 976 3101 1055 Lysimachus.
3158 975 3308 1040 Hoc
3351 977 3434 1042 V.
3488 978 3558 1040 C.
3607 987 3730 1052 472
3779 975 3847 1038 in
3896 977 4175 1063 Phrygia

1041 1101 1142 1158 sa,
1188 1100 1385 1164 quem
1433 1077 1489 1138 is
1541 1078 1609 1139 in
1641 1078 1940 1141 omnihus
1966 1088 2095 1138 tam
2139 1077 2346 1155 belli,
2388 1096 2579 1163 quam
2650 1078 2826 1142 victo
2896 1098 3217 1164 caesoque
3276 1076 3591 1141 Seleucus
3629 1077 4013 1143 Macedonia
4070 1101 4179 1164 po·

1037 1180 1217 1266 pacis
1285 1177 1516 1240 studiis
1573 1178 1874 1261 proxime
1932 1178 2247 1242 aemulari
2309 1192 2580 1242 conatus
2650 1176 2845 1253 titur,
2889 1179 3007 1242 aed
3041 1178 3264 1263 paullo
3296 1192 3508 1260 posta
3539 1179 3920 1243 Ptolemaeo
3943 1181 4175 1244 Cerau-

1041 1293 1186 1355 est,
1224 1293 1297 1341 ut
1338 1288 1658 1341 testantur
1700 1276 2031 1341 Diodorus
2063 1275 2171 1361 k),
2217 1292 2283 1341 et
2328 1281 2584 1342 Plutar·
2654 1298 2739 1341 no
2774 1277 3189 1344 interficitur.

1040 1378 1206 1442 chus
1252 1374 1328 1458 ¹).
1390 1378 1563 1474 Quin
1606 1380 1819 1479 ipsum
1864 1378 2005 1460 ejus
2031 1394 2281 1465 patrem
2313 1379 2583 1465 Antigo-
2735 1379 2986 1443 Numos
3040 1379 3285 1460 Pyrrhi
3343 1375 3491 1442 vide
3552 1377 3616 1439 in
3678 1379 3892 1445 numis
3949 1398 4174 1462 regum

1040 1500 1195 1542 num
1255 1477 1490 1540 eodem
1527 1460 1724 1543 modo
1767 1479 2020 1541 fuisse
2001 1503 2069 1541 m
2101 1478 2432 1542 Bacchum
2469 1479 2579 1541 ad·
2648 1466 2871 1557 Epiri,
2914 1479 3289 1559 Lysimachi
3335 1478 3402 1538 in
3444 1478 3657 1541 numis
3707 1496 3942 1561 regum
3977 1480 4175 1543 Thra·

1042 1581 1326 1656 fectum,
1385 1578 1632 1642 diserte
1666 1578 1880 1646 ,tradit
1926 1580 2343 1643 Herodianus
2378 1601 2577 1664 supra
2649 1576 2820 1653 ciac,
2867 1578 3181 1643 Seleuci
3163 1600 3228 1639 ιιι
3264 1576 3475 1640 numia
3503 1598 3736 1662 regum
3766 1579 4019 1660 Syriae.

1043 1680 1110 1741 in
1144 1680 1348 1765 patris
1377 1681 1591 1742 numia
1625 1680 1880 1743 citatus.
1937 1682 2026 1740 At
2053 1681 2388 1744 Bacchum
2446 1698 2580 1741 non
2815 1704 3387 1797 Ρ-ΤόὺΕΜΑΕ
3410 1733 3536 1794 VS
3572 1736 4018 1798 eumuna&

932 1885 942 1895 '
1040 1881 1275 1957 sitnm,
1333 1879 1880 1963 quemadmodum
1948 1880 2228 1944 vidimus
2272 1880 2341 1940 in
2393 1879 2579 1960 Lysi·
2731 1871 3097 1934 Ptolemaei
3132 1869 3377 1935 Soteris
3418 1867 3627 1946 filius,
3670 1876 3706 1935 'a
3736 1866 3929 1955 patre*
3960 1890 4181 1935 tucce-

1041 1982 1313 2056 macho‚
1374 1994 1443 2042 et
1502 1968 1867 2042 videbimus
1916 1981 1981 2042 in
2017 1980 2233 2044 numia
2263 1962 2573 2059 Cyrenes}
2649 1970 2848 2035 flendi
2879 1993 2996 2056 spe
3026 1971 3330 2035 exclusus
3365 1969 3649 2033 Seleuco
3682 1990 3851 2034 sese
3878 1972 4180 2054 adplicat,

1040 2079 1158 2144 sed
1202 2078 1398 2142 etiam
1442 2079 1645 2156 tauri,
1705 2079 1959 2143 abunde
2006 2080 2138 2142 dixi
2175 2081 2241 2141 in
2277 2077 2619 2140 disserta·..
2646 2093 2918 2149 verum,
2962 2085 3033 2134 ut
3067 2070 3370 2146 diximus,
3415 2068 3904 2135 benefactorem
3933 2068 4183 2155 perfide

1038 2154 1223 2277 {ione
1290 2180 1373 2241 de
1417 2190 1606 2242 tauro
1659 2199 1807 2241 cum
1855 2177 2022 2244 facie
2071 2179 2350 2242 humana
2393 2178 2579 2241 Cam·
2644 2170 2996 2248 interimit,
3043 2184 3112 2233 et
3162 2171 3610 2234 Macedoniam
3665 2169 3931 2237 invadit.
3978 2174 4180 2237 Gallis

1040 2281 1269 2363 paniae
1325 2281 1539 2343 numia
1595 2280 1869 2362 adjecta.
1968 2280 2292 2376 Quoniam
2349 2281 2581 2343 Seleu·
2649 2272 2816 2337 duce
2904 2272 3143 2354 Belgio
3204 2271 3439 2335 ·vicina
3520 2271 3973 2336 infestantibus
4067 2273 4176 2334 oh-

1038 2402 1155 2451 cus
1197 2383 1251 2449 1
1305 2379 1632 2442 Demetrii
1690 2399 1901 2463 gener
1958 2378 2127 2442 tauri
2195 2398 2443 2445 cornua
2505 2380 2593 2447 in
2645 2374 2813 2437 viam
2863 2387 3118 2436 temere
3158 2382 3550 2457 progressus
3607 2386 3909 2436 conserta
3964 2394 4178 2456 pugna

989 2480 1254 2543 ,numia
1305 2478 1545 2561 jactat,
1603 2478 1815 2542 videri
1867 2493 2093 2564 posset
2143 2501 2447 2545 socerum
2505 2480 2576 2544 in
2649 2470 2980 2538 occumbit
3015 2472 3384 2540 clroiterV·
3429 2474 3502 2538 C
3509 2474 3681 2557 473·
3728 2477 4013 2560 Propter
4059 2474 4180 2536 ⁸51²·

918 2580 926 2588 ’
1036 2580 1294 2664 generi
1313 2580 1758 2663 praepotentis
1807 2582 2081 2663 gratiam
2123 2580 2357 2645 eodem
2394 2582 2576 2645 cultu
2649 2573 2943 2656 gularem
2987 2574 3057 2634 in
3105 2575 3303 2639 rehu·
3336 2574 3604 2659 agendis
3637 2575 4044 2640 celeritatem
4088 2571 4175 2635 di·

1040 2701 1251 2746 nsum.
1337 2682 1425 2742 At
1466 2678 1823 2743 verisimile
1872 2680 2039 2758 dixi,
2084 2681 2206 2744 hos
2250 2682 2579 2745 Demetrii
2648 2688 2791 2739 ctus
2831 2672 3160 2752 Κεραυνος,
3204 2679 3468 2740 Fulmen
3494 2676 3583 2757 ¹²).

1032 2800 1268 2845 numos
1326 2780 1613 2861 signatos
1673 2795 1812 2845 tam
1858 2782 2180 2867 primum,
2243 2803 2395 2846 cum
2440 2787 2577 2846 Ma·
2622 2836 2637 2853 ,
3406 2828 3447 2866 ,n

1032 2881 1374 2946 cedoniam
1419 2881 1780 2960 obtineret,
1845 2881 1964 2946 secl
2010 2896 2144 2948 tum
2188 2884 2321 2965 jam
2362 2884 2573 2950 inimi-
3284 2873 3324 2912 '¹‘
3526 2872 3568 2913 ⁸
4183 2955 4189 2966 t

1034 3004 1114 3064 co
1142 2983 1397 3045 fuisse
1377 3003 1445 3043 ιιι
1474 2979 1825 3043 Seleucum
1859 2983 2075 3047 animo
2104 2977 2374 3052 constat.
2726 2981 2801 3044 Ei
2849 2979 3164 3046 hactenus
3214 2963 3441 3047 tributi
3487 2973 3677 3047 fuere
3736 2984 3922 3048 numi
3964 2983 4173 3057 aenei,

1117 3082 1325 3143 Etiam
1376 3094 1756 3161 argenteum
1795 3085 1907 3148 111.
1969 3083 2259 3159 formae,
2303 3085 2373 3145 in
2402 3102 2568 3169 quo.
2624 3082 2709 3144 in
2739 3102 3016 3170 quorum
3037 3102 3300 3146 aversa.
3340 3081 4009 3148 ΠΤΟΛΕΜΑῙΟΤ.
4025 3080 4179 3142 ΒΑ-

1032 3176 1596 3244 ΔΗΜῙ-ΙΤΡΙΟΤ
1646 3193 1799 3264 typo
1834 3203 1981 3244 noc.
1992 3204 2150 3257 uae,
2195 3184 2388 3267 hujus
2421 3205 2568 3249 esse
2640 3171 3026 3244 ΣῘΛΕΩΣ
3089 3197 3242 3268 typo
3291 3189 3633 3266 fulminis,
3693 3202 3822 3267 quo
3867 3177 4175 3258 ῡῑᾮᾶθῧὸ·

939 3295 947 3309 “
1031 3283 1250 3370 regis,
1311 3293 1379 3342 et
1425 3282 1747 3362 signatum
1785 3279 2061 3344 Athenis
2105 3284 2372 3367 conjicit
2419 3285 2569 3348 Pel·
2638 3296 2782 3358 tur,
2872 3282 2954 3345 acl
3038 3284 3178 3367 ejus
3265 3304 3504 3346 nomen
3591 3281 3838 3353 adludi.
3922 3265 4172 3349 Verum

1033 3380 1311 3444 lerinius
1342 3385 1435 3462 ¹¹¹¹),
1481 3382 1597 3446 sed
1632 3382 1739 3445 hic
1774 3382 2221 3450 verisimiliter
2251 3385 2565 3448 aliorsum
2635 3383 2974 3470 praeclare
3037 3384 3237 3448 evicit
3277 3384 3714 3460 Pellerinius,
3758 3383 4068 3468 quoniam
4106 3383 4172 3444 in

1027 3479 1353 3564 pertinet,
1433 3497 1501 3545 et
1550 3483 1935 3568 inscriptum
2004 3504 2243 3554 nomen
2305 3485 2566 3551 videtur
2635 3485 2923 3547 omnium
3019 3486 3257 3548 horum
3328 3508 3481 3550 area
3546 3499 3883 3567 comparet
3947 3505 4172 3547 mono·

1031 3598 1178 3642 esse
1221 3582 1659 3667 magistraQtus
2636 3599 2945 3668 gramma
2977 3580 3246 3661 ΜΑΓ.,
3308 3608 3421 3649 eos
3462 3587 3847 3649 Ptolemaeo
3887 3588 3973 3647 n.
4014 3584 4169 3648 Phi-

1115 3684 1258 3746 AV.
1291 3687 1531 3748 mu.
1566 3690 1703 3768 ΑΒ.
1742 3689 1824 3750 12.
2630 3683 2943 3769 ladelpho
3001 3685 3475 3764 restituendos,
3537 3688 3954 3772 signatosque
4015 3684 4163 3767 ejus

2630 3786 2896 3848 nomine
2953 3786 3023 3848 in
3087 3785 3477 3864 Cyrenaica,
3520 3810 3651 3873 quo
3694 3802 3996 3890 tempore
4040 3784 4166 3847 fra·

1158 3848 1220 3908 Ρ
1240 3849 1682 3924 YRRHVS,
1712 3854 1766 3912 L
1789 3853 2430 3925 YSMIACHVS.

1512 3952 1571 4012 S
1585 3954 1643 4013 Ε
1656 3953 1782 4013 LE
1797 3951 1918 4012 VC
1930 3953 2072 4013 VS·
2302 3989 2341 4010 *⁸*
2630 3984 3139 4063 administravit,
3184 3999 3256 4051 ut
3288 3988 3564 4056 dicetur.

1110 4085 1390 4147 Exacto
1416 4083 1502 4157 V.
1577 4088 1650 4151 C·
1716 4085 1845 4169 467
1890 4087 2274 4151 Macedonia
2318 4088 2558 4152 Deme·
2711 4086 2899 4149 Alius
2952 4101 3302 4172 argenteus
3349 4089 3739 4173 inscriptus:
3782 4081 4164 4146 ΒΑΣΙΛΕ-

1025 4183 1158 4247 trio
1204 4203 1480 4266 regnum
1525 4185 1698 4251 inter
1740 4204 1812 4248 se
1858 4187 2224 4272 partiuntur
2263 4189 2556 4270 Pyrrhus
2629 4180 2800 4252 ΩΣ.
2834 4182 3497 4253 ΠΤΟΛΕΜΑΙΟΤ,
3525 4180 4088 4251 ΚΕΡΑΤΝΟΤ·
4065 4203 4161 4245 ιιι-

1024 4281 1297 4366 Epirota
1358 4298 1426 4348 et
1469 4285 1924 4370 Lysimachus.
2004 4287 2197 4352 Anno
2239 4303 2558 4377 sequente
2626 4291 2734 4354 'ter
2766 4287 3015 4354 Goltzii
3046 4265 3337 4353 fallacias
3372 4288 3802 4354 amoliendas.

2472 4395 2485 4428 s

1967 4461 1974 4470 .
2598 4443 2609 4466 i
4172 4424 4189 4441 ο

1617 4551 1622 4558 ,
1919 4555 1929 4561 ,
2712 4543 2718 4548 .
3175 4545 3197 4560 ⁷·
3744 4533 3751 4542 ,

1271 4594 1322 4667 ἰ)
1360 4595 1427 4653 Τ·
1464 4595 1538 4656 11·
1574 4616 1635 4673 p·
1672 4604 1826 4668 ³99...
1896 4593 1968 4673 ¹²)
2000 4599 2064 4660 1..
2100 4601 2231 4661 XX.
2267 4583 2394 4678 cap.
2432 4607 2525 4666 92.
2635 4596 2685 4672 Ι)
2710 4571 2786 4658 1ἰιι
2820 4601 3083 4661 Demetr.
3118 4618 3252 4680 pag.
3289 4604 3413 4664 889.
3497 4597 3578 4669 m)
3616 4592 3760 4656 Rec.
3796 4591 3851 4652 1.·
3865 4577 4000 4671 pag.
4028 4591 4160 4654 144·

1054 4682 1124 4756 ¹²)
1157 4681 1410 4748 Pausan.
1444 4685 1505 4748 L.
1544 4685 1587 4746 1.
1626 4707 1674 4747 c.
1714 4691 1799 4749 16.
3638 4695 3643 4704 ’
3927 4695 3931 4702 ’

2630 3896 2735 3946 ter
2776 3884 2953 3947 illius
2997 3889 3290 3951 uterinus
3318 3893 3550 3970 Muqas
3577 3908 3719 3952 eam
3764 3875 4167 3972 provinciam
4278 3893 4285 3902 '
