4575 5850
1185 584 1343 655 ‘tm

1191 742 1385 801 raudo
1432 737 1696 797 celerem
1747 743 1813 794 et
1858 732 2214 809 efficacem,
2271 752 2403 816 quo
2463 732 2729 819 ingenio

1189 838 1314 901 fuit
1350 836 1611 899 Prusias
1644 833 1714 907 1.‚
1751 831 2038 894 omnium
2074 853 2233 896 vero
2271 832 2536 897 minime
2569 837 2730 896 Pru·

1189 943 1315 1001 sias
1340 940 1423 1002 lt.
1451 940 1531 1013 y).
1567 930 1994 995 Froelichius‘
2021 948 2210 1015 eaput
2248 933 2583 997 barbatum
2619 935 2731 996 tri-

1187 1042 1328 1102 buit
1391 1035 1661 1100 Prusiae
1707 1035 1787 1097 11.
1852 1034 1989 1096 Vna
2029 1033 2129 1094 illi
2165 1035 2366 1110 ratio,
2412 1034 2585 1119 quod
2619 1035 2727 1097 hic

1186 1148 1305 1204 rex
1359 1140 1438 1201 ab
1474 1136 1778 1221 Appiano
1815 1132 2099 1194 deformi
2143 1133 2344 1197 fuisse
2394 1136 2614 1207 vultu,
2661 1148 2727 1197 et

1189 1242 1399 1304 dictus
1466 1244 1743 1300 Venator
1788 1233 2174 1318 perhibetur
2222 1238 2306 1318 z).
2400 1240 2485 1297 At
2545 1235 2724 1296 numi

1189 1365 1340 1406 eum
1370 1338 1736 1403 deformem
1769 1355 1898 1397 non
1931 1335 2202 1410 sistunt,
2250 1336 2370 1397 sed
2408 1334 2574 1397 facie
2612 1356 2727 1419 po-

1187 1446 1314 1506 tins
1375 1438 1668 1508 liberali,
1729 1457 1853 1497 una
1920 1454 2082 1499 vero
2128 1437 2328 1498 barba
2381 1436 2725 1517 turpitudi-

1187 1546 1289 1606 nis
1322 1539 1633 1604 indicium
1669 1557 1799 1596 non
1828 1534 2007 1600 facit.
2050 1538 2371 1621 Begerus,
2402 1537 2517 1598 sed
2542 1555 2726 1618 aper.

1187 1661 1255 1707 to
1286 1645 1342 1705 is
1369 1653 1662 1726 peccato,
1695 1634 2030 1728 utriusque
2067 1636 2292 1699 classis
2312 1659 2544 1701 numos
2564 1640 2724 1698 Pru·

1189 1747 1321 1808 siae
1355 1747 1440 1804 11.
1461 1741 1736 1823 largitur
1766 1743 1844 1810 ⁸).
1892 1737 2076 1830 Quae
2095 1743 2415 1802 sententia
2434 1741 2517 1801 sit
2538 1757 2727 1822 prae·
2760 1796 2763 1799 ,

1188 1845 1522 1917 stabilior,
1568 1840 2057 1924 inquirendum.

1274 1945 1431 2020 Ala,
1495 1960 1660 2025 quae
1718 1942 1784 2001 in
1847 1940 2073 2002 classis
2127 1942 2207 2004 11.
2251 1940 2465 2003 numis
2510 1938 2730 2003 diade·

1189 2046 1344 2107 mati
1385 2042 1839 2126 conjungitur,
1897 2040 2152 2102 in'hoc
2207 2043 2505 2105 examine
2550 2062 2729 2104 cum-

1185 2144 1413 2230 primis
1447 2144 1873 2228 observanda.
1915 2144 2215 2227 Begerus
2245 2162 2322 2205 ea
2364 2156 2592 2207 censet
2632 2143 2727 2204 in·

1186 2247 1392 2308 dicari
1463 2244 2011 2324 magnitudinem,
2087 2244 2192 2306 vel
2271 2245 2547 2326 gloriam
2619 2265 2725 2305 re-

1186 2332 1357 2434 giam
1391 2345 1470 2428 ¹’).
1520 2347 1897 2429 Spanhemii
1931 2364 2189 2405 sensum
2242 2366 2392 2404 mox
2427 2346 2721 2425 exposui,

1186 2471 1336 2513 cum
1380 2470 1511 2535 quo
1556 2461 1622 2511 et
1665 2446 1990 2510 consentit
2031 2444 2450 2510 Froeiichius
2481 2450 2555 2526 0).
2600 2440 2743 2508 His'

1181 2572 1348 2635 ergo
1421 2549 1580 2613 viris
1653 2546 1925 2609 eruditis
2000 2546 2361 2630 explicatus
2419 2548 2724 2631 allegori.

1183 2645 1618 2740 cus'piacuit.
1714 2652 1961 2718 Verum
2022 2668 2150 2730 ego
2216 2649 2406 2710 aliam
2453 2649 2720 2712 subesse

1183 2756 1492 2819 adscititii
1551 2753 1742 2834 hujus
1812 2752 2024 2814 cultus
2083 2770 2340 2812 causam
2401 2753 2719 2834 suspicor.

1186 2860 1489 2922 Diximus
1546 2855 1613 2915 in
1673 2853 1884 2914 numis
1944 2851 2300 2914 Alexandri
2360 2855 2488 2921 M..
2545 2853 2720 2916 hunc

1155 2980 1413 3041 -regem
1477 2956 1815 3016 Ammonis
1877 2974 2087 3017 cornu
2137 2952 2260 3014 sibi
2305 2953 2719 3037 adpiieuisse,

1182 3061 1334 3144 quia
1401 3056 1739 3119 Ammonis
1796 3053 1969 3116 filius
2019 3053 2494 3133 credivoluit3
2560 3056 2722 3117 dixi-

1183 3182 1326 3223 mus
1373 3161 1443 3221 in
1491 3158 1704 3217 numis
1748 3154 2120 3237 Lysimachi
2155 3155 2475 3219 Thraciae
2524 3157 2719 3237 regis,

1183 3275 1252 3324 et
1295 3260 1618 3323 Demetrii
1659 3260 1710 3324 1.
1768 3255 2196 3322 Macedoniae
2251 3259 2470 3339 regis,
2531 3259 2717 3320 ilium

1184 3362 1441 3437 arietis,
1504 3362 1676 3423 hunc
1738 3357 1907 3422 tau'ri
1949 3378 2190 3434 cornu,
2234 3359 2477 3421 Bacchi
2522 3360 2721 3421 certis

1181 3463 1578 3549 insignibus,
1638 3447 1823 3523 usum
1852 3505 1867 3533 ,
1925 3460 2074 3544 quia
2117 3460 2235 3521 ille
2279 3478 2487 3545 genus
2531 3480 2718 3521 suum

1186 3589 1222 3627 a
1255 3563 1537 3628 vBaccho
1571 3561 1944 3639 derivavit,
2011 3562 2121 3624 hic
2167 3561 2493 3624 Bacchum
2546 3561 2723 3622 omni

1186 3663 1878 3728 observantiafcotuit.
1965 3663 2085 3722 His
2145 3682 2311 3746 ergo
2354 3663 2725 3745 praeeunti-

1181 3766 1304 3829 bus
1356 3764 1678 3847 exemplis
1729 3772 1972 3825 tantum
2029 3761 2247 3834 abest,
2303 3776 2375 3824 ut
2441 3763 2522 3823 ad
2565 3764 2724 3826 slie-

1183 3868 1432 3950 goriam
1482 3864 1949 3928 advertendum
1997 3862 2280 3923 animum
2340 3849 2597 3945 putem,
2655 3878 2723 3926 ut

1171 3967 1374 4051 plane
1429 3962 2126 4039 existimem,’-similis
2170 3963 2349 4024 modi
2408 3963 2719 4028 insaniam

1899 516 2477 641 „RBG'ES
2580 560 3609 677 ΒΓιήΗῑῑῑειἼΑΕ.ἱ

2798 734 3070 798 Prusiae
3114 753 3375 819 quoque
3424 735 3784 817 placuisse,
3820 751 3897 803 et
3926 759 4037 804 seu
4060 745 4283 808 Heres·

2800 834 3007 911 rium,
3049 854 3168 896 seu
3201 837 3515 897 Perseum
3566 838 3633 898 in
3664 839 4011 923 majoribus
4044 846 4161 906 suis
4193 869 4289 908 nu·

2801 954 3111 999 merasse.
3185 935 3256 994 ln
3318 950 3668 1022 utrumque
3718 942 3913 1002 deum
3956 946 4285 1024 speciosum

2800 1035 3124 1120 quoddam
3156 1034 3259 1116 jus
3290 1035 3514 1099 habuit
3554 1040 3836 1104 Prusias.
3894 1044 4159 1120 Constat,
4190 1051 4290 1108 As-

2799 1130 2993 1197 cades
3054 1137 3500 1202 Mantinenses
3546 1142 3940 1222 Bithynium
3981 1143 4316 1225 Bithyniae

2799 1235 3110 1320 oppidum
3166 1237 3525 1303 deduxisse
3587 1241 3935 1310 coloniam.
4015 1244 4099 1303 Hi
4149 1265 4286 1329 erge

2796 1338 3255 1419 Bithynienses
3299 1338 3497 1403 domo
3541 1339 3730 1404 fuere
3785 1343 4094 1417 Arcades,
4145 1343 4287 1428 apud

2796 1458 2961 1523 quos
3007 1452 3189 1500 natus
3241 1441 3649 1516 Mercurius,
3695 1454 3762 1502 et
3800 1442 3974 1526 quod
4011 1445 4285 1527 sequitur,

2798 1537 2940 1622 ejus
2992 1539 3187 1602 fuere
3244 1542 3350 1602 dei
3410 1538 3767 1623 abnepotes
3835 1542 4065 1605 eodem
4108 1544 4288 1619 modu,

2797 1660 2927 1722 quo
3007 1644 3084 1705 Τ.
3148 1634 3450 1703 Statilius
3508 1642 3572 1701 in
3634 1662 3959 1705 marmore
4017 1644 4287 1706 Hadriani

2797 1754 3005 1802 aetate
3080 1745 3326 1822 posito,
3405 1741 3581 1826 quod
3648 1744 3921 1806 recitavi
3995 1745 4060 1806 in
4110 1746 4287 1807 numis

2794 1839 3088 1921 Philippi
3148 1843 3233 1908 V.
3286 1841 3698 1916 Macedouis,
3767 1863 3841 1904 se
3897 1843 4055 1907 dixit
4094 1846 4285 1907 Persei

2800 1953 2866 2002 et
2910 1942 3385 2006 Dioscurorum
3430 1943 3859 2027 abnepotem,
3904 1945 4073 2028 quod
4115 1945 4177 2006 hi
4215 1945 4287 2008 dii

2798 2042 3049 2125 Argivi,
3077 2057 3143 2105 et
3180 2044 3322 2128 ipse
3355 2065 3614 2131 quoque
3647 2045 3933 2127 Argivus
3966 2060 4147 2112 esset.
4183 2047 4287 2109 Hs·

2798 2142 2939 2206 buit
2996 2144 3201 2229 igitur
3260 2148 3523 2210 Prusias
3583 2146 3781 2207 homo
3824 2140 4131 2225 Bithynus
4169 2167 4285 2209 cau·

2798 2266 2936 2307 sam
2982 2245 3343 2325 honestam,
3388 2247 3566 2329 (nam
3610 2266 3777 2328 quae
3824 2268 4015 2310 causa
4055 2246 4283 2309 honesta

2795 2366 2927 2406 non
3002 2347 3305 2409 videatur
3381 2350 3789 2433 arrogantiae
3862 2360 3931 2409 et
3998 2348 4284 2428 vanitati‘I)

2797 2468 3002 2532 genus
3036 2469 3219 2508 suum
3254 2471 3287 2510 a
3324 2452 3659 2515 Mercurio
3682 2448 3988 2511 ducendi.
4022 2448 4282 2511 Atmulte

2796 2549 3041 2610 certius
3068 2550 3336 2612 Prusiae
3367 2553 3447 2615 11.
3492 2552 3559 2611 in
3599 2554 3923 2613 Perseum
3967 2550 4087 2633 jus.
4126 2550 4285 2610 Natus

2797 2650 2851 2713 is
2879 2665 2977 2713 est
3006 2671 3087 2711 ex
3122 2651 3350 2713 Prusia
3380 2655 3432 2716 1.
3455 2694 3473 2726 ,
3517 2666 3709 2733 atque
3745 2648 3920 2711 haud
3955 2649 4137 2711 dubie
4153 2652 4283 2733 Apa·

2795 2774 2900 2816 me
2942 2752 3232 2836 Philippi
3281 2754 3361 2820 V.
3404 2751 3781 2815 Macedonis
3829 2771 4090 2826 sorore,
4130 2769 4282 2831 quam

2793 2853 3057 2916 Prusias
3106 2855 3155 2915 1.
3214 2871 3486 2913 uxorem
3531 2851 3733 2917 duxit.
3780 2853 4063 2937 Copiose
4100 2851 4158 2911 in
4194 2872 4282 2912 nu·

2795 2957 2913 3017 mis
2960 2955 3149 3039 hujus
3199 2954 3491 3037 Philippi
3539 2947 4006 3039 comprobavi,
4049 2974 4178 3015 eum
4217 2950 4281 3014 ab

2793 3057 2996 3118 beroe
3057 3058 3304 3117 Perseo
3364 3054 3654 3116 voluisse
3700 3054 4051 3117 oriundum
4093 3052 4283 3124 videri,

2793 3179 2916 3242 qua
2974 3155 3057 3218 de
3119 3175 3310 3219 causa
3377 3154 3570 3216 toties
3629 3156 3694 3216 in
3742 3156 3887 3239 ejus
3931 3167 4172 3216 moneta
4207 3172 4283 3213 cs·

2791 3270 2906 3342 put
2947 3255 3177 3320 Persei
3234 3255 3471 3318 alatum
3515 3258 3834 3332 recurrit,
3882 3253 4084 3316 indito
4124 3253 4284 3315 etism

2792 3371 3143 3441 propterea
3190 3355 3326 3418 filio
3368 3378 3486 3420 suo
3512 3357 3593 3418 ab
3626 3359 3753 3420 hoe
3789 3357 4001 3419 heroe
4042 3352 4280 3434 nomine.

2790 3461 2891 3520 Ex
2929 3478 3059 3539 quo
3091 3458 3421 3539 sequitur,
3466 3459 3782 3519 Perseum
3824 3457 4089 3519 Prusiae
4130 3453 4199 3515 11.
4230 3452 4282 3513 in

2797 3558 3152 3639 majoribus
3211 3557 3520 3620 maternis
3578 3557 3818 3632 fnisse,
3887 3572 4078 3640 atque
4142 3553 4285 3614 itlius

2798 3663 3042 3724 cultum
3088 3659 3235 3741 jure
3282 3659 3360 3719 ab
3403 3659 3532 3721 hoe
3580 3657 3993 3721 advocatum.
4038 3651 4285 3724 Accedit,

2791 3764 3064 3826 Prusiae
3098 3761 3175 3821 11.
3227 3772 3392 3821 teste
3423 3759 3715 3841 Appiano
3743 3758 4124 3822 collocatam
4162 3754 4284 3815 fuis·

2794 3883 2865 3924 se
2909 3862 3111 3944 ipsam
3156 3861 3386 3922 Persei
3440 3857 3828 3934 Macedonis
3880 3877 4197 3930 sororem,
4232 3863 4286 3914 ut

2797 3964 3077 4027 diximus
3122 3960 3205 4040 ³⁸¹).
3269 3960 3606 4024 Posterior
3649 3959 3814 4024 haec
3859 3959 4138 4024 adscitae
4174 3955 4283 4018 alae

1339 4193 1344 4200 Ι
1404 4226 1692 4308 5)·Tom.
1720 4226 1764 4283 1.
1809 4246 1869 4304 p.
1915 4232 2039 4285 513.
2142 4224 2200 4296 ὃ)
2234 4224 2376 4281 Not.
2420 4195 2585 4282 elem.
2614 4245 2675 4301 p.
2707 4233 2831 4288 193.
2864 4227 2986 4285 194.
3093 4223 3151 4295 ⁸)
3197 4220 3375 4281 Thes.
3399 4224 3497 4279 Br.
3532 4221 3599 4278 Τ.
3629 4221 3675 4278 1.
3711 4236 3770 4295 p.
3812 4225 3948 4282 267.
4048 4217 4109 4292 b)
4140 4215 4283 4276 Thes

1179 4318 1270 4380 Br.
1303 4317 1369 4374 T.
1399 4317 1443 4374 1.
1472 4335 1532 4391 p.
1567 4313 1712 4379 27οξ
1804 4316 1863 4386 0)
1902 4313 2040 4372 Not.
2076 4313 2248 4372 elem.
2279 4330 2345 4389 p.
2379 4317 2502 4375 124.

1351 4455 1366 4470 ,
1411 4407 1470 4477 ⁴¹)
1511 4404 1657 4461 Mira
1688 4402 1854 4480 apud
1883 4403 2200 4479 scriptores
2229 4416 2459 4480 veteres
2490 4402 2758 4461 confusio
2792 4402 2851 4459 in
2883 4398 3233 4461 definiendis
3249 4402 3556 4476 utriusque
3570 4395 3815 4456 Prusiae
3832 4396 4134 4463 uxoribus,
4145 4391 4278 4465 cujus

1182 4495 1384 4573 potior
1413 4513 1609 4566 causa,
1640 4492 1806 4569 quod
1835 4490 1898 4547 in
1915 4491 2283 4569 explicandis
2303 4490 2712 4563 adfinitatibus
2728 4491 3052 4550 adhibuere
3072 4490 3359 4549 vocabula
3376 4491 3620 4547 nimium
3637 4487 3969 4547 communia
3988 4495 4052 4541 ac
4066 4499 4212 4557 vaga,
4226 4497 4279 4533 ex

1175 4604 1295 4660 quo
1314 4584 1507 4643 enasci
1523 4583 1733 4642 debuit
1750 4594 2057 4641 auctorum
2074 4595 2312 4641 nostrae
2327 4573 2533 4643 aetatis
2549 4581 2871 4643 dissensus.
2901 4580 3238 4640 Secundum
3254 4579 3645 4644 Vaillantiurn
3659 4579 3899 4637 Prusias
3910 4574 3952 4633 I.
3968 4566 4209 4647 Philippi
4220 4564 4273 4624 V·

3384 4729 3455 4761 ...ὴ
