4575 5850
1114 867 1244 917 tam
1336 844 1799 934 prodigiosus,
1891 854 2239 927 tantusque
2328 861 2660 917 numerus,

1119 964 1362 1038 quanto
1425 963 1540 1013 eos
1602 946 1814 1009 indies
1874 962 1997 1028 per
2041 944 2325 1007 Siciliam
2376 942 2662 1038 reperiri

1120 1075 1316 1138 supra
1352 1048 1817 1123 demonstravi,
1854 1044 2275 1109 domesticam
2307 1046 2475 1109 hane
2508 1043 2665 1107 fuis·

1118 1176 1191 1219 ee
1240 1156 1707 1236 Syracusarum
1760 1161 2086 1211 monetam
2149 1147 2346 1232 plane
2400 1166 2662 1229 persua·

1122 1260 1257 1321 det.
1346 1258 1432 1323 Vt
1478 1236 1720 1316 factum
1778 1265 2115 1324 tenemus,
2162 1248 2252 1310 its
2287 1262 2503 1311 tamen
2545 1244 2663 1306 mi·

1115 1359 1236 1421 nus
1306 1376 1450 1419 esse
1515 1349 1712 1416 facile
1758 1350 2092 1434 intelligo:
2154 1361 2335 1412 certa
2387 1347 2659 1431 quadam

1116 1460 1372 1524 ratione
1429 1452 1786 1528 conciliare
1836 1472 1988 1516 cum
2031 1449 2157 1512 hac
2197 1448 2522 1532 sententia
2560 1468 2661 1509 ra·

1119 1547 1370 1636 tiones,
1431 1578 1589 1643 quas
1651 1555 1864 1639 capite
1922 1556 1975 1619 1.
2048 1548 2371 1616 Corintho
2428 1547 2656 1613 favere

1119 1664 1424 1729 diximus.
1445 1728 1449 1732 ,

1563 1811 2019 1876 cAPVT
2092 1809 2210 1872 17.

1210 1945 1572 2007 Verisimile
1623 1945 1821 2003 *suam
1841 1982 1861 2015 ‚
1905 1959 2134 2002 numos
2176 1940 2591 2002 coloniarum.

1290 2046 1574 2110 Corinthi
1606 2043 1861 2104 nomine
1899 2043 2186 2121 ἐπείρασε
2203 2042 2489 2122 Syr-aon·
2550 2077 2557 2086 ·

1655 2146 1749 2205 ss's
1799 2145 2107 2222 siqnatos.

1130 2287 1146 2321 ε
1200 2264 1356 2329 Dixi
1397 2283 1632 2347 supra,
1679 2261 2052 2343 complures
2098 2272 2358 2324 exstare
2403 2274 2659 2332 numos,

1117 2369 1286 2443 illis,
1356 2362 1442 2426 de
1495 2360 1728 2448 quibus
1793 2379 1950 2444 ago,
2011 2361 2224 2422 numia
2284 2371 2417 2422 tam
2475 2372 2658 2443 typo,

1114 2491 1306 2554 quam
1381 2464 1688 2541 metallo,
1767 2485 1842 2528 sc
1902 2461 2198 2547 pondere
2261 2460 2657 2534 simillimos,

1118 2569 1236 2630 sed
1275 2567 1342 2630 in
1373 2564 1607 2652 quibus
1648 2584 1773 2652 pro
1805 2564 2138 2626 elemento
2187 2562 2239 2644 φ
2275 2575 2660 2647 comparent

1116 2671 1441 2733 variarum
1492 2664 1754 2731 urbium
1781 2666 2064 2738 nomina,
2104 2664 2467 2740 Leucadia,
2508 2665 2662 2727 Am·

1120 2770 1414 2842 braciae,
1459 2767 1858 2850 Dyrrhachii
1906 2778 2074 2840 etc„
2118 2785 2278 2847 quas
2308 2764 2511 2828 fuisse
2540 2769 2662 2830 Co·

1127 2871 1331 2934 rinthi
1384 2871 1674 2937 colonias
1736 2879 2026 2941 constat,
2087 2881 2153 2930 et
2217 2861 2491 2954 quarum
2554 2866 2665 2929 atl-

1125 2987 1416 3036 curatum
1479 2972 1849 3056 catalogum
1912 2981 2227 3055 sequente
2293 2970 2506 3054 capite
2558 2969 2666 3031 ds-

1019 3074 1033 3086 '
1124 3073 1362 3136 bimus.
1404 3075 1543 3135 Eos
1584 3072 1872 3154 signatos
1911 3071 1977 3129 in
2022 3069 2329 3146 urbibus,
2388 3090 2662 3154 quarum

1122 3173 1511 3257 praeferunt
1566 3172 1865 3246 nomina,
1924 3183 2112 3233 vetus
2175 3169 2465 3232 omnium
2510 3156 2665 3232 ‘fert

1129 3274 1385 3358 opinio,
1460 3274 1567 3338 cui
1635 3276 1846 3357 nuper
1904 3268 2178 3334 accessit
2235 3271 2429 3335 etiam
2489 3269 2667 3354 prin·

1130 3394 1287 3461 ceps
1353 3375 1589 3439 Turris
1643 3375 1901 3438 Muciae
1941 3381 2030 3450 ὅ).
2075 3374 2474 3437 Censneram
2522 3371 2667 3458 ipse

1127 3479 1324 3552 olim,
1391 3496 1521 3559 quo
1562 3475 1713 3539 loco
1763 3475 1830 3538 in
1876 3475 2390 3565 hujus·generis
2434 3494 2668 3537 numos

1129 3579 1387 3661 prolixe
1447 3578 1937 3644 commentabar
1981 3573 2048 3662 ¹¹)
2080 3623 2098 3654 ,
2172 3576 2669 3640 Corinthiorum

1130 3681 1405 3744 colonos
1464 3669 1795 3742 communi
1858 3681 2036 3744 inter
2091 3698 2164 3741 se
2221 3697 2547 3742 consensu
2602 3677 2671 3739 in

1134 3774 1267 3844 suis
1341 3795 1636 3862 quosque
1721 3780 1994 3844 urbibus
2065 3799 2215 3844 cum
2287 3776 2674 3862 metropolis

1141 3900 1256 3944 eos
1294 3894 1450 3966 typo
1509 3879 1807 3957 cudisse,
1865 3901 1997 3944 non
2048 3891 2177 3945 tam
2227 3894 2303 3943 ut
2338 3880 2481 3961 ejus
2522 3896 2673 3942 sese

1143 3983 1414 4044 colonos
1453 3978 1956 4062 profiterentur,
2016 3984 2188 4061 (nam
2248 3981 2308 4044 si
2343 3982 2508 4044 haec
2546 3999 2674 4044 una

1099 688 1252 767 ²248
2139 663 3022 743 ACIIAIA.

2733 858 2879 906 rum
2937 834 3156 923 portio
3213 834 3533 904 cederent
3590 841 3661 903 in
3715 843 4065 923 primitias,
4108 865 4256 934 quas

2735 939 3087 1023 metropoli
3131 938 3430 1005 coloniae
3474 941 3736 1005 mittere
3774 961 4260 1025 consueverunt,

2735 1054 2845 1106 sut
2888 1040 3320 1105 caerimonias
3359 1061 3575 1110 sacras
3620 1045 3685 1112 in
3728 1046 4081 1131 metropoli
4135 1049 4262 1113 obi·

2730 1143 2793 1206 ri
2846 1142 3106 1220 solitas,
3152 1142 3235 1205 de
3279 1142 3516 1229 quibus
3558 1144 4006 1230 metropoleos
4049 1147 4112 1211 in
4161 1170 4262 1214 ce·

2731 1244 2941 1308 louias
2992 1263 3140 1306 suas
3170 1242 3422 1327 juribus
3446 1244 3881 1320 eodemjoco
3912 1247 4105 1314 latius
4141 1252 4261 1336 egi.

2732 1345 2867 1410 Sed
2917 1346 3094 1408 enim
3142 1344 3264 1407 hos
3321 1365 3587 1430 quoque
3634 1348 3812 1431 ipsos
3858 1370 4094 1413 numos
4138 1350 4265 1414 fre·

2730 1449 3037 1535 quentius
3094 1444 3380 1528 reperiri
3422 1445 3493 1507 in
3550 1447 3811 1528 Sicilia,
3871 1450 4150 1537 perinde
4192 1472 4263 1526 ac

2728 1549 2964 1613 numos
3001 1549 3195 1612 litera
3245 1548 3298 1630 φ
3337 1562 3632 1625 notatos,
3676 1571 3762 1615 eo
3810 1573 3943 1616 non
3991 1552 4262 1618 obscure

2730 1664 2952 1733 potest
3009 1648 3272 1734 colligi,
3330 1636 3508 1733 quod
3564 1651 3739 1714 iuter
3793 1653 3863 1715 id
3908 1673 4116 1738 genus
4156 1675 4264 1716 nu-

2730 1771 2912 1828 mos,
2986 1772 3152 1838 quos
3223 1769 3464 1836 magno
3518 1771 3801 1817 numero
3855 1755 4095 1821 Carolo
4151 1757 4256 1826 Vt.

2726 1855 2898 1936 Aug.
2944 1874 3030 1917 ex
3078 1852 3302 1916 Sicilia
3352 1850 3603 1917 adlatos
3652 1874 3847 1935 supra
3894 1857 4069 1935 dixi,
4131 1857 4262 1921 fue·

2725 1975 2805 2019 re
2848 1954 3045 2017 etiam
3089 1953 3389 2038 inscripti
3414 1950 3808 2032 AKTIOT,
3840 1955 4065 2022 ΑΛΤ,
4102 1957 4266 2023 ΑΜ.

2727 2050 3298 2118 ΒΡΑΚΙΩΤΑΝ
3317 2097 3337 2131 ,
3397 2048 3795 2132 APPIO-N,
3859 2056 4261 2124 ΛΕΤΚΑΔ.

2726 2151 3137 2219 ΛΟΚΡΩΝ
3155 2198 3174 2228 ,
3228 2170 3302 2224 ut
3361 2169 3609 2221 taceam
3666 2157 3819 2229 eo's,
3878 2160 3993 2242 qui
4042 2161 4258 2230 literas
4312 2211 4333 2216 ἢ

2727 2252 2820 2333 Λ,
2883 2255 2966 2332 Α,
3038 2252 3172 2318 ΑΝ
3231 2270 3401 2321 etc.=
3460 2276 3619 2339 quas
3673 2256 3977 2341 plerique
4039 2262 4268 2346 primas

2730 2357 3041 2422 similium
3095 2358 3499 2421 coloniarum
3562 2357 3789 2422 literas
3848 2373 4112 2446 putant,
4166 2384 4267 2428 ex·

2730 2459 2987 2527 hibent.
3029 2461 3137 2521 Ex
3166 2478 3298 2544 quo
3341 2460 3581 2541 conjici
3623 2474 3879 2544 potest,
3921 2461 4132 2527 fuisse
4161 2465 4270 2536 ali·

2731 2560 2906 2646 quod
2984 2573 3281 2642 tempus,
3356 2580 3489 2644 quo
3548 2562 3937 2643 Syracusani
3992 2583 4267 2650 quacun·

2733 2681 2893 2746 que,
2925 2679 3009 2723 ex
3055 2655 3283 2737 cau‘iia,
3354 2679 3581 2746 quam·
3609 2676 3684 2725 ut
3734 2653 3938 2730 mulsa
3988 2666 4117 2730 alia
4164 2687 4268 2731 ne·

2733 2763 2837 2825 bis
2914 2761 3293 2850 inviderunt
3353 2763 3714 2846 scriptores
3786 2777 4085 2839 veteres,
4150 2783 4266 2830 tam

2734 2862 2959 2927 matris
3032 2861 3368 2948 Corinthi,
3444 2881 3636 2948 quam
3711 2885 4017 2930 sororum
4099 2869 4264 2933 colo·

2734 2967 2988 3028 uiarum
3058 2963 3327 3027 nomine
3392 2962 3733 3029 feriundos
3804 2988 4043 3034 numos
4100 2991 4270 3035 cura·

2737 3087 2919 3132 vere.
2962 3065 3227 3131 Licebit
3252 3084 3383 3128 non
3414 3064 3649 3148 injuria
3685 3066 4022 3148 conjicere
4044 3115 4065 3147 ,
4096 3091 4270 3157 prae·
4298 3094 4303 3103 ,

2737 3169 2957 3231 stitum
3022 3167 3200 3237 hunc
3257 3188 3295 3229 a
3372 3164 3527 3228 filii·
3585 3167 4007 3249 Syracusanis
4091 3172 4272 3237 matri

2738 3259 3061 3332 Corintho
3158 3266 3479 3331 bonorem
3554 3280 3733 3345 tum,
3816 3289 3968 3335 cum
4049 3297 4089 3339 a
4158 3275 4272 3338 Ce-

2736 3369 2999 3433 rinthiis
3058 3365 3231 3432 duce
3278 3370 3734 3449 Timoleonte,
3794 3371 4012 3456 ejecto
4071 3388 4275 3458 tyran·

2735 3492 2825 3535 no
2883 3470 3207 3553 Dionysio
3262 3471 3560 3554 juniore,
3619 3472 3687 3535 in
3741 3473 4116 3540 libertatem
4174 3475 4274 3540 ad·

2742 3572 2905 3635 serti
2948 3572 3173 3649 fuere,
3233 3592 3308 3636 ac
3358 3587 3705 3656 praeterea
3747 3579 4090 3658 Syracusis
4132 3577 4276 3642 alia·

2742 3695 2890 3737 rum
2932 3673 3339 3738 coloniarum
3381 3676 3650 3740 nomine
3691 3677 3981 3759 signatos
4028 3696 4274 3752 numos,

2743 3787 2819 3837 ut
2853 3775 3078 3837 matris
3131 3774 3344 3856 gloria
3398 3778 3880 3841 ostentatis.tot
3909 3779 4277 3864 conspicuis

2744 3876 2888 3961 ejus
2921 3874 3218 3957 prolibus
3251 3891 3624 3962 augeretur.
3666 3880 3944 3943 Factum
3969 3879 4150 3943 istud
4177 3898 4280 3945 an-

2744 3998 2831 4042 no
2858 3977 2943 4046 V.
2970 3979 3045 4042 G.
3079 3988 3155 4054 4ι
3173 3998 3228 4055 ι,
3273 3996 3423 4042 cum
3453 3999 3581 4062 qua
3612 3991 3828 4043 aetate
3856 3980 4137 4062 elegans
4168 3981 4278 4045 bn·

1144 4104 1333 4146 causa
1387 4081 1782 4167 placuisset,
1829 4095 2085 4164 poterat
2138 4080 2316 4146 idem
2367 4081 2676 4158 obtineri,
2742 4081 2849 4166 jus
2897 4093 3201 4143 monetae
3239 4098 3404 4163 opus
3445 4079 3658 4164 probe
3708 4082 4039 4151 convenit.
4079 4084 4278 4160 Haec,

1142 4184 1300 4270 quin
1370 4195 1499 4246 tam
1567 4183 1768 4247 'anxie
1831 4184 1897 4246 in
1978 4181 2310 4268 pondere,
2385 4184 2677 4258 metallo,

2746 4184 2913 4268 quae
2970 4181 3141 4256 dixi,
3204 4181 3263 4245 si
3315 4180 3657 4248 adrideant
3700 4183 4014 4261 eruditis,
4071 4181 4277 4249 facilis

1143 4300 1213 4350 et
1269 4286 1570 4350 omnibus
1628 4296 1933 4368 typorum
1981 4283 2271 4367 apicibus
2318 4284 2681 4370 conspiras·
2747 4283 3011 4349 dabitur
3065 4281 3266 4362 ratio,
3326 4304 3447 4349 cur
3520 4283 3741 4349 numia
3792 4284 3896 4349 bis
3957 4287 4280 4362 omnibus,

1148 4392 1324 4471 sent)
1384 4406 1577 4472 quam
1637 4399 1710 4450 ut
1749 4386 1836 4464 ii,
1884 4398 1994 4451 snt
2036 4388 2267 4451 saltem
2311 4386 2526 4474 aliqua
2566 4406 2681 4450 eo·
2746 4399 2881 4451 tam
2921 4383 3282 4463 urinum,
3335 4406 3415 4451 ac
3454 4384 3827 4453 dissitamm
3868 4387 4134 4455 urbium
4175 4406 4283 4454 ne·

2596 4579 3945 4592 ‹q—ffl-
3954 4580 4193 4593 η--ο
4210 4578 4240 4591 ⁴

1386 4697 1446 4770 g)
1480 4695 1772 4775 Aggiunte
1805 4713 1869 4772 p.
1899 4701 2021 4759 197.
2202 4691 2268 4764 ¹¹)
2309 4691 2479 4749 Num.
2515 4705 2633 4752 vet.
2663 4712 2726 4772 p.
2766 4703 2879 4760 123.
